@article{Asl2012,
author = {Asl, Babak Mohammadzadeh and Mahloojifar, Ali},
journal = {IEEE Trans. Ultrason., Ferroelectr., Freq. Control},
number = {4},
pages = {660--667},
title = {{A Low-Complexity Adaptive Beamformer for Ultrasound Imaging Using Structured Covariance Matrix}},
volume = {59},
month = apr,
year = {2012}
}
@inproceedings{Austeng2008,
author = {Austeng, Andreas and Bj\aa{}stad, Tore and Synnev\aa{}g, Johan-Fredrik and M\aa{}s\o{}y, Svein-Erik and Torp, Hans and Holm, Sverre},
booktitle = {Proc. IEEE Ultrasonics Symp.},
pages = {1072--1075},
title = {{Sensitivity of minimum variance beamforming to tissue aberrations}},
year = {2008}
}
@article{Buskenes,
author = {Buskenes, Jo Inge and \AA{}sen, Jon Petter and Nilsen, Carl-Inge Colombo and Austeng, Andreas},
journal = {Submitted to IEEE Journal of Oceanic Engineering},
title = {{An optimised GPU implementation of the MVDR beamformer for active sonar imaging}},
year = {2013}
}
@article{Capon1969,
author = {Capon, J.},
journal = {Proceedings of the IEEE},
number = {8},
pages = {1408--1418},
title = {{High-resolution frequency-wavenumber spectrum analysis}},
volume = {57},
year = {1969}
}
@inproceedings{Chen2011,
author = {Chen, Junying and Yiu, Billy Y S and So, Hayden K and Yu, Alfred C H},
booktitle = {Proc. IEEE Ultrasonics Symp.},
pages = {1--4},
title = {{Real-Time GPU-Based Adaptive Beamformer for High Quality Ultrasound Imaging}},
year = {2011}
}
@article{Chen2011a,
author = {Chen, Junying and Yiu, Billy Y.S. and Hamilton, Brandon K. and Yu, Alfred C.H. and So, Hayden K.-H.},
journal = {ACM SIGARCH Computer Architecture News},
month = dec,
number = {4},
pages = {20},
title = {{Design space exploration of adaptive beamforming acceleration for bedside and portable medical ultrasound imaging}},
volume = {39},
year = {2011}
}
@inproceedings{Chen,
author = {Chen, Junying and Yu, Alfred C. H. and So, Hayden K.-H.},
booktitle = {International Conf. on Field-Programmable Technology (FPT)},
pages = {198--205},
title = {{Design considerations of real-time adaptive beamformer for medical ultrasound research using FPGA and GPU}},
year = {2012}
}
@inproceedings{Featherstone1997,
author = {Featherstone, W.},
booktitle = {Tenth International Conf. on Antennas and Propagation (ICAP)},
pages = {322--325},
title = {{A novel method to improve the performance of Capon's minimum variance estimator}},
year = {1997}
}
@article{Jensen2012,
author = {Jensen, Are and Austeng, Andreas},
journal = {IEEE Trans. Ultrason., Ferroelectr., Freq. Control},
month = jun,
number = {6},
pages = {1139--1148},
title = {{An approach to multibeam covariance matrices for adaptive beamforming in ultrasonography}},
volume = {59},
year = {2012}
}
@article{Jensen1992,
author = {Jensen, J A and Svendsen, N B},
journal = {IEEE Trans. Ultrason., Ferroelectr., Freq. Control},
month = jan,
number = {2},
pages = {262--267},
title = {{Calculation of pressure fields from arbitrarily shaped, apodized, and excited ultrasound transducers.}},
volume = {39},
year = {1992}
}
@inproceedings{Kim,
author = {Kim, Kyuhong and Park, Suhyun and Kim, Yun-Tae and Park, Sung-Chan and Kang, Jooyoung and Kim, Jung-Ho and MooHo, Bae},
booktitle = {Proc. IEEE Ultrasonics Symp.},
title = {{Flexible Minimum Variance Weights Estimation Using Principal Component Analysis}},
year = {2012}
}
@article{Krim1996,
author = {Krim, H. and Viberg, M.},
journal = {IEEE Signal Process. Mag.},
number = {4},
pages = {67--94},
title = {{Two decades of array signal processing research: the parametric approach}},
volume = {13},
year = {1996}
}
@article{Lyons2003,
author = {Lyons, R.},
journal = {IEEE Signal Process. Mag.},
month = mar,
number = {2},
pages = {74--80},
title = {{dsp tips \& tricks - the sliding DFT}},
volume = {20},
year = {2003}
}
@article{McWhirter1989,
author = {McWhirter, J. G. and Shepherd, T. J.},
journal = {Proc. IEE Radar and Signal Processing},
number = {2},
pages = {75--80},
title = {{Systolic array processor for MVDR beamforming}},
volume = {136},
year = {1989}
}
@article{Mehdizadeh2012,
author = {Mehdizadeh, Saeed and Austeng, Andreas and Johansen, Tonni F and Holm, Sverre},
journal = {IEEE Trans. Ultrason., Ferroelectr., Freq. Control},
number = {4},
month = apr,
pages = {683--693},
title = {{Minimum Variance Beamforming Applied to Ultrasound Imaging With a Partially Shaded Aperture}},
volume = {59},
year = {2012}
}
@article{Moonen1993,
author = {Moonen, M.},
journal = {Proc. IEE Radar and Signal Processing},
number = {3},
pages = {175--178},
title = {{Systolic MVDR beamforming with inverse updating}},
volume = {140},
year = {1993}
}
@article{Nilsen2009,
author = {Nilsen, Carl-Inge Colombo and Hafizovic, Ines},
journal = {IEEE Trans. Ultrason., Ferroelectr., Freq. Control},
month = oct,
number = {10},
pages = {2187--2197},
title = {{Beamspace adaptive beamforming for ultrasound imaging.}},
volume = {56},
year = {2009}
}
@misc{Nvidiaa,
author = {Nvidia},
title = {{Registered Developers Website}},
url = {https://developer.nvidia.com/user},
year = {2013}
}
@misc{Nvidia2013,
author = {Nvidia},
title = {{CUDA Toolkit Documentation}},
url = {http://docs.nvidia.com/cuda/index.html},
year = {2013}
}
@article{Reddy1987,
author = {Reddy, V. and Paulraj, A. and Kailath, T.},
journal = {IEEE Audio, Speech, Language Process.},
month = jul,
number = {7},
pages = {927--936},
title = {{Performance analysis of the optimum beamformer in the presence of correlated sources and its behavior under spatial smoothing}},
volume = {35},
year = {1987}
}
@article{Sinha2002,
author = {Sinha, Priyabrata and George, Alan D and Kim, Keonwook},
journal = {Journal of Computational Acoustics},
pages = {69--96},
title = {{Parallel algorithms for robust broadband MVDR beamforming}},
volume = {10},
year = {2002}
}
@article{So2011,
author = {So, Hayden and Chen, Junying and Yiu, Billy and Yu, Alfred},
journal = {IEEE Micro},
month = sep,
number = {5},
pages = {54--65},
title = {{Medical Ultrasound Imaging: To GPU or Not to GPU?}},
volume = {31},
year = {2011}
}
@inproceedings{Synnevag2007a,
author = {Synnev\aa{}g, J.-F. and Nilsen, C.-I. C. and Holm, S.},
booktitle = {Proc. IEEE Ultrasonics Symp.},
month = oct,
pages = {1545--1548},
publisher = {IEEE},
title = {{Speckle Statistics in Adaptive Beamforming}},
year = {2007}
}
@article{Synnevag2009,
author = {Synnev\aa{}g, Johan-Fredrik and Austeng, Andreas and Holm, Sverre},
journal = {IEEE Trans. Ultrason., Ferroelectr., Freq. Control},
month = sep,
number = {9},
pages = {1868--1879},
title = {{Benefits of minimum-variance beamforming in medical ultrasound imaging.}},
volume = {56},
year = {2009}
}
@article{Synnevag2007,
author = {Synnev\aa{}g, Johan-Fredrik and Austeng, Andreas and Holm, Sverre},
journal = {IEEE Trans. Ultrason., Ferroelectr., Freq. Control},
month = aug,
number = {8},
pages = {1606--1613},
title = {{Adaptive Beamforming Applied to Medical Ultrasound Imaging}},
volume = {54},
year = {2007}
}
@article{Synnevag2011,
author = {Synnev\aa{}g, Johan-Fredrik and Austeng, Andreas and Holm, Sverre},
journal = {IEEE Trans. Ultrason., Ferroelectr., Freq. Control},
month = feb,
number = {2},
pages = {281--289},
title = {{A Low-Complexity Data-Dependent Beamformer.}},
volume = {58},
year = {2011}
}
@article{Vignon2008,
author = {Vignon, Francois and Burcher, Michael R},
journal = {IEEE Trans. Ultrason., Ferroelectr., Freq. Control},
month = mar,
number = {3},
pages = {619--628},
title = {{Capon beamforming in medical ultrasound imaging with focused beams.}},
volume = {55},
year = {2008}
}
@inproceedings{Viola,
author = {Viola, F. and Walker, W.F.},
booktitle = {Proc. IEEE Ultrasonics Symp.},
pages = {1980--1983},
title = {{Adaptive signal processing in medical ultrasound beamforming}},
year = {2005}
}
@article{Wang2009,
author = {Wang, Shun-Li and Li, Pai-Chi},
journal = {IEEE Trans. Ultrason., Ferroelectr., Freq. Control},
month = oct,
number = {10},
pages = {2097--2110},
title = {{MVDR-based coherence weighting for high-frame-rate adaptive imaging.}},
volume = {56},
year = {2009}
}
@inproceedings{Asen2012,
author = {\AA{}sen, Jon Petter and Buskenes, Jo Inge and Nilsen, Carl-Inge C. and Austeng, Andreas and Holm, Sverre},
booktitle = {Proc. IEEE Ultrasonics Symp.},
title = {{Implementing Capon Beamforming on the GPU for Real Time Cardiac Ultrasound Imaging}},
year = {2012},
pages={2133-2136}
}

@article{Jensen1996,
author = {Jensen, J\o{}rgen Arendt},
chapter = {351},
journal = {Medical \& Biological Engineering \& Computing},
number = {Supplement 1, Part 1},
pages = {351--353},
publisher = {Citeseer},
title = {{Field: A program for simulating ultrasound systems}},
volume = {34},
year = {1996}
}

@inproceedings{Buskenes2013,
author = {Buskenes, Jo Inge and \AA{}sen, Jon Petter and Nilsen, Carl-Inge Colombo and Austeng, Andreas},
booktitle = {Proceedings of Meetings on Acoustics},
title = {{Adapting the Minimum Variance beamformer to a Graphics Processing Unit for Active Sonar Imaging systems}},
year = {2013}
}

@article{Hergum2007,
author = {Hergum, Torb\o{}j and Bj\aa{}stad, Tore and Kristoffersen, Kjell and Torp, Hans},
journal = {IEEE Trans. Ultrason., Ferroelectr., Freq. Control},
month = feb,
number = {2},
pages = {271--280},
title = {{Parallel beamforming using synthetic transmit beams}},
volume = {54},
year = {2007}
}

@inproceedings{Thomenius,
author = {Thomenius, K.E.},
booktitle = {{Proc. IEEE Ultrasonics Symp.}},
pages = {1615--1622},
title = {{Evolution of ultrasound beamformers}},
year = 1996,
volume = {2}
}

@inproceedings{Song2012,
author = {Kwon, Jiwon and Song, Jae Hee and Bae, Sua and Song, Tai-kyoung and Yoo, Yangmo},
booktitle = {Proc. IEEE Ultrasonics Symp.},
pages = {619--622},
publisher = {IEEE},
title = {{An effective beamforming algorithm for a GPU-based ultrasound imaging system}},
year = {2012}
}
