Feb 14 2013, SPN: Edited formatting in Nasholm2013Zener and buckingham2005causality
Feb 6 2013, SPN: Added ostoja2013fractaltocont
05.02.2013, SH: Added challamel2013noel
24. Jan 2013, SPN: Corrected Zener1948 and Nasholm2013JASA and a few minor edits + issue number of a Prieur Vilenskiy Jasa paper
22. Jan 2013, SPN: Added the initial "A." to the second author of bateman1954V1C6 + edited Clegg2010 to follow the JASA style of references, by changing the abbreviation "IEEEVCOMPUTCOM"
21. Jan 2013, SH: Added buckingham2005causality, Nasholm2013Zener,
20.Dec 2012, SH: Added Chen et al 2012, Bhatia 1967
Nov 15, 2012, SPN: added widder1966transform
Oct 31, 2012, SPN: added feldman2012dielectric + stanislavsky2007stochasticnature + weron2000probabilistic + tenreiromachado2011whatafractionalworld + nigmatullin2005theoryofdielectric + sinkus2012review + liu2006
Oct 30, 2012, SH: Mainardi 1994
Oct 30, 2012, SPN: luchko2012fractional + bamber2005attenuationandabsorption + djordjevic2003cell + seredynska2010relaxationdispersion
Oct 29, 2012, SPN: Added treeby2010reconstruction + beard2011biomedical + palmeri2011acoustic + bercoff2004supersonic + atanakovic2011thermodynamical + adjusted Chen2004 + muthupillai1995science + papazoglou2012multifrequency
Oct 25, 2012, SPN: Widder 1971, berberiansantos2008, Podlubny1999chapter10_2, roitner2012experimental, kowar2012attenuation
Oct 24, 2012, SH: Bagley 1991
Oct 23, SPN: Separated the initials of authors given in: meshkov1971integral + corrected initials of Kelly2008 + added rossikhin2001analysis + friedrich1992generalized
Oct 22, SPN: added mainardi2011creeprelaxationviscosity, yasar2012wideband, bhalekar2012generalizedfractional, petrovic2005, 
Oct 18, 2012 SPN: Added treeby2012modeling, bagley1991
Oct 17, 2012 SPN: Added Mainardi 2012 + ISI standard journal abbreviations: INTJENGSCI & FCAA & MATHMETHAPPLSCI + interchanged some full paper long names of a few references into the abbreviations / abbreviation common strings
10.10.2012 SH: Enflo, tarasov2008conservation, Ali, Kowar, Meshkov  etc
17.09.2012: SH: Gurtin1968, Povstenko2009, Dukhin, etc (merged to here by SPN)
17. May 2012 SPN: Added Baek
16. May 2012 SPN: Added Texieira
5. Apr 2012 SPN: Added Katicha 2012
29. Mar 2012 SPN: Added Tarasov 2008 (including new journal abbreviation definition(s))
27. Mar 2012 SPN: Added some more references
22. Mar 2012 SPN: Added some more references
9. Mar 2012 SPN: Added Fujii + Rekanos2012
8. Mar 2012 SPN: Even more additions
29. Feb 2012 SPN: Some further additions
21. Feb 2012 SH: Nicoletti papers
10. Jan 2012 SPN: Added some more references relevant for artery viscoelasticity modeling
5. Jan 2012 SPN: Added some more references relevant for artery viscoelasticity modeling
3. Jan 2012 SPN: Added some references relevant for artery viscoelasticity modeling
2. Jan 2012 SPN: Added the Vilensky final publication details
29. Dec 2011 SPN: Merged SH and SPN changes into the current version
29. Dec 2011 SH: Added Withayachumnankul2010, removed Caputo67 (=Caputo1967)
27. Dec 2011 SPN: Changed all name abbreviations with multiple given names from "X.X" to "X. X" (otherwise the "second given name" will not be included in the Reference list)
2. Dec 2011 SPN: Minor typographical adjustments
20. Nov 2011 SPN: Added Magin, Scherer, Porujavid, Tillett, Atanackovic
17. Nov 2011 SPN: Merged SPN & SH changes
17. Nov 2011 SH: Added ODA-papers 1971, 1985 + Wennerberg
17. Nov 2011 SPN: Added Vilensky + Duck + Jongen + Schiessel1993
16. Nov 2011 SPN: Added Wennerbert & Frankel
16. Nov 2011 SPN: Added ODA
15. Nov 2011 SPN: Minor corrections
8. Nov 2011 SPN: Updated Holm & N�sholm + Prieur & Holm with final publishing page numbers etc
17. Oct 2011 SPN: Added Gorenflo paper
21. Aug 2011 SPN: Corrected the journal abbreviation "JSV"
15. Aug 2011 SPN [Added brackets+issue number into JASA in-press references 2011. Added Podlubny chapter 1-2 reference.]
11. Aug 2011 SH

Journal title abbreviations:
@string{JASA="J.\ Acoust.\ Soc.\ Am."}
@string{JSV="J.\ Sound.\ Vib."}
@string{TUFFC="IEEE Trans.\ Ultrason.\ Ferroelectr.,\ Freq.\ Control"}
@string{TMEDIM="IEEE Trans.\ Med.\ Imaging"}
@string{JCHEMPHYS="J. Chem. Phys."} The Journal of Chemical Physics
@string{FCAA="Fract. Calc. Appl. Anal."} Fractional Calculus and Applied Analysis
@string{GEOPHYSJROYASTRS="Geophys. J. Roy. Astr. S."} GEOPHYSICAL JOURNAL OF THE ROYAL ASTRONOMICAL SOCIETY 
@string{GEOPHYSJINT="Geophys. J. Int."}
@string{MEDENPHYS="Med. Eng. Phys."} Medical Engineering and Physics
@string{APPLMECHREV="Appl. Mech. Rev."} Applied Mechanics Reviews
@string{JMATHANALAPPL="J. Math. Anal. Appl."} JOURNAL OF MATHEMATICAL ANALYSIS AND APPLICATIONS
@string{LATAMAPPLRES="Latin. Am. Appl. Res."} LATIN AMERICAN APPLIED RESEARCH
@string{PHYSMEDBIOL="Phys. Med. Biol."} PHYSICS IN MEDICINE AND BIOLOGY
@string{MATHPROBLENG="Math. Probl. Eng."} MATHEMATICAL PROBLEMS IN ENGINEERING
@string{SIGNPROCESS="Signal. Process."} SIGNAL PROCESSING
@string{JMATHSCI="J. Math. Sci."} {Journal of Mathematical Sciences}
@string{COMMNONLINSCI="Commun. Nonlinear Sci. Numer. Simul."} Communications in Nonlinear Science and Numerical Simulation
@string{PUREAPPLCHEM="Pure Appl. Geophys."} PURE AND APPLIED GEOPHYSICS
@string{ANNPHYS="Ann Phys-New York"} ANNALS OF PHYSICS
@string{PROCROYSOCA="Proc. R. Soc."} PROCEEDINGS OF THE ROYAL SOCIETY A: MATHEMATICAL, PHYSICAL AND ENGINEERING SCIENCE
@string{UMBIOL="Ultrasound Med. Biol."} 
@string{JAPPLMATH="Journal of Applied Mathematics"} JOURNAL OF APPLIED MATHEMATICS
@string{GEOPHYSPROSP="Geophys. Prosp."} GEOPHYSICAL PROSPECTING
@string{BSEISMSOCAM="B. Seismol. Soc. AM."} BULLETIN OF THE SEISMOLOGICAL SOCIETY OF AMERICA
@string{JPHYSA="J. Phys. A"} Journal of Physics A: Mathematical and General"
@string{JMAGNRESON="J. Magn. Reson."} Journal of Magnetic Resonance
@string{JNONCRYSTSOL="J. Non-Cryst. Solids"} Journal of Non-Crystalline Solids
@string{CONTEMPPHYS="Contemp. Phys"} Contemporary Physics
@string{IEEEVCOMPUTCOM="IEEE Congress on  Evolutionary Computation"} Evolutionary Computation (CEC) 2010 IEEE Congress on
@string{IEEETRANTENNAS="IEEE Trans. Antennas Propag."} IEEE Transactions on Antennas and Propagation
@string{IEEEANTENNLETT="IEEE Antenn. Wireless Propag. Lett."} IEEE Antennas and Wireless Propagation Letters
@string{IEEETMICROWTH="IEEE Trans. Microw. Theory Tech."} Microwave Theory and Techniques IEEE Transactions on
@string{INTJENGSCI="Int. J. Eng. Sci."} International Journal of Engineering Science
@string{EURJPHYS="Eur. J. Phys."} The European Physical Journal - Special Topics
@string{SIGNPROC="Signal Process."} Signal Processing
@string{BIOLCYB="Biol. Cybern."} Biological Cybernetics
@string{JPHYSCONDMATT="J. Phys. Condens. Matter"} Journal of Physics: Condensed Matter
@string{RHEOLACTA="Rheol. Acta"} Rheologica Acta
@string{JAPPLCRYST="J. Appl. Cryst"} Journal of Applied Crystallography
@string{JMATPHYS="J. Math. Phys."} Journal of Mathematical Physics
@string{MATHMETHAPPLSCI="Math. Meth. Appl. Sci."} Mathematical Methods in the Applied Sciences
@string{INTJBIFCH="Int. J. Bifurcat. Chaos"} International Journal of Bifurcation and Chaos
@string{MAGRESMED="Magnet. Reson. Med"}  Magnetic Resonance in Medicine
@string{DENTMAT="Dent. Mater."} Dental Materials
@string{COMPMATHAPPL="Comput. Math. Appl."} COMPUTERS & MATHEMATICS WITH APPLICATIONS
@string{MECHTIMEDEPMAT="Mech. Time-Depend. Mat."} Mechanics of Time-Dependent Materials
@string{INVPROBL="Inverse Probl."} Inverse problems
@string{ABSTRAPPLAN="Abstr. Appl. Anal."} Abstract and Applied Analysis
@string{CONTMECHTHERMDYN="Continuum Mech. Therm."} Continuum Mechanics and Thermodynamics
@string{CHAOSSOLI="Chaos Soliton Fract."} Chaos, Solitons Fractals
@string{CURRMEDIMREV="Curr. Med. Imaging Rev."} Current Medical Imaging Reviews
@string{ZAMM="Z. Angew. Math. Mech."} Zeitschrift fur Angewandte Mathematik und Mechanik 

@article{ostoja2013fractaltocont,
	author = {Ostoja-Starzewski, M. and Li, J. and Joumaa, H. and Demmie, P.N.},
	title = {From fractal media to continuum mechanics},
	journal = ZAMM,
	pages = {n/a--n/a},
	year = {2013},
}


@article{challamel2013noel,
  title={On the fractional generalization of {E}ringen's nonlocal elasticity for wave propagation},
  author={Challamel, N. and Zorica, D. and Atanackovi{\'c}, T.M. and Spasi{\'c}, D.T.},
  journal={Comptes Rendus M{\'e}canique},
  year={2013},
  publisher={Elsevier}
}


@article{Nasholm2013Zener,
year={2013},
journal={Fractional Calculus and Applied Analysis},
volume={16},
issue={1},
title={On a fractional {Z}ener elastic wave equation},
publisher={SP Versita},
author={N\"asholm, Sven Peter and Holm, Sverre},
pages={26--50}
}


@article{buckingham2005causality,
  title={Causality, Stokes’ wave equation, and acoustic pulse propagation in a viscous fluid},
  author={Buckingham, M. J.},
  journal={Physical Review E},
  volume={72},
  number={2},
  pages={026610},
  year={2005},
  publisher={APS}
}


@book{bhatia1967ultrasonic,
  title={Ultrasonic absorption: an introduction to the theory of sound absorption and dispersion in gases, liquids, and solids},
  author={Bhatia, A. B.},
  year={1967},
  publisher={Courier Dover Publications}
}

@article{zhang2012modified,
  title={Modified {S}zabo's wave equation for arbitrarily frequency-dependent viscous dissipation in soft matter with applications to 3D ultrasonic imaging},
  author={Zhang, X. and Chen, W. and Zhang, C.},
  journal={Acta Mechanica Solida Sinica},
  volume={25},
  number={5},
  pages={510--519},
  year={2012},
  publisher={Elsevier}
}


@article{widder1966transform,
  title={A transform related to the Poisson integral for a half-plane},
  author={Widder, D. V.},
  journal={Duke Math. J.},
  volume={33},
  number={2},
  pages={355--362},
  year={1966},
  publisher={Duke University Press}
}

@article{liu2006,
  year={2006},
  journal=MECHTIMEDEPMAT,
  volume={10},
  issue={4},
  title={Higher-order fractional constitutive equations of viscoelastic materials involving three different parameters and their relaxation and creep functions},
  author={Liu, Jia Guo and Xu, Ming Yu},
  pages={263--279},
}


@article{sinkus2012review,
  author = {Sinkus, Ralph and Daire, Jean-Luc and Vilgrain, Valerie and Van Beers, Bernard E.},
  title = {Elasticity Imaging via {MRI}: Basics, Overcoming the Waveguide Limit, and Clinical Liver Results},
  journal = CURRMEDIMREV,
  volume = {8},
  number = {1},
  year = {2012},
  pages = {56--63},
}


@article{nigmatullin2005theoryofdielectric,
title = {Theory of dielectric relaxation in non-crystalline solids: from a set of micromotions to the averaged collective motion in the mesoscale region},
journal = {Physica B},
volume = {358},
number = {1--4},
pages = {201--215},
year = {2005},
author = {Nigmatullin, R. R.},
}


@article{tenreiromachado2011whatafractionalworld,
year={2011},
journal=FCAA,
volume={14},
issue={4},
title={And I say to myself: ``What a fractional world!''},
author={Tenreiro Machado, J. A.},
pages={635--654},
}


@article{weron2000probabilistic,
  title={Probabilistic basis for the {C}ole--{C}ole relaxation law},
  author={Weron, K. and Klauzer, A.},
  journal={Ferroelectrics},
  volume={236},
  number={1},
  pages={59--69},
  year={2000},
}


@article{stanislavsky2007stochasticnature,
title = {The stochastic nature of complexity evolution in the fractional systems},
journal = CHAOSSOLI,
volume = {34},
number = {1},
pages = {51--61},
year = {2007},
author = {Stanislavsky, Aleksander A.},
}


@techreport{feldman2012dielectric,
  title={Dielectric relaxation phenomena in complex systems},
  author={Feldman, Y. and Gusev, Y. A. and Vasilyeva, M. A.},
  year={2012},
  institution={{K}azan {F}ederal {U}niversity, {I}nstitute of {P}hysics},
  type={Tutorial}
}

@article{seredynska2010relaxationdispersion,
author = {Seredy\'{n}ska, M. and Hanyga, Andrzej},
title = {Relaxation, dispersion, attenuation, and finite propagation speed in viscoelastic media},
year = {2010},
journal = JMATPHYS,
volume = {51},
number = {9},
numpages = {16},
pages = {092901},
}

@article{djordjevic2003cell,
year={2003},
journal={Ann. Biomed. Eng.},
volume={31},
issue={6},
title={Fractional Derivatives Embody Essential Features of Cell Rheological Behavior},
author={Djordjevi\'c, Vladan D. and Jari\'c, Jovo and Fabry, Ben and Fredberg, Jeffrey J. and Stamenovi\'c, Dimitrije},
pages={692--699},
}



@INPROCEEDINGS{chatelin2012measured,
  author={Chatelin,S. and Lambert,  S. A. and Jug\'e, L. and Cai, X. and N\"asholm, S. P. and Vilgrain, V.  and Van Beers, B. E. and Maitre, X. Bilston, L. E. and Guzina, B. and Holm, S. and Sinkus, R.}, 
  booktitle={Proceedings of the 20th Annual Meeting of ISMRM},
  title={Measured elasticity and its frequency dependence are sensitive to tissue microarchitecture in MR Elastography},
  year=2012,
  month=may,
}
Int. Soc. Magn. Res. in Med, Melbourne, May 2012.
%
%


@INPROCEEDINGS{juge2012subvoxel,
  author = {Jug\'e, L. and Lambert, S. A. and Chatelin,S. and ter Beek, L. and Vilgrain, V. and Van Beers, B. E. and Bilston, L. E. and Guzina, B. and Holm, S. and Sinkus, R.}, 
  booktitle={Proceedings of the 20th Annual Meeting of ISMRM},
  title = {Sub-Voxel Micro-Architecture Assessment by Diffusion of Mechanical Shear Waves},
  year=2012,
  month=may,
}
Res. in Med, Melbourne, May 2012.



@inbook{bamber2005attenuationandabsorption,
  title = {Attenuation and Absorption},
  author = {Bamber, J. C.},
  pages = {93--166},
  chapter={4},
  booktitle = {Physical Principles of Medical Ultrasonics (eds C. R. Hill, J. C. Bamber and G. R. ter Haar)},
  year = {2005},
  publisher = {John Wiley \& Sons}, 
  address = {Chichester, UK},
}

@ARTICLE{luchko2012fractional,
   author = {Luchko, Yuri},
    title = "{Fractional wave equation and damped waves}",
  journal = {ArXiv e-prints},
   eprint = {1205.1199},
     year = 2012,
    month = may,
   adsurl = {http://adsabs.harvard.edu/abs/2012arXiv1205.1199L},
}

@article{mainardi1994fractional,
  title={Fractional relaxation in anelastic solids},
  author={Mainardi, F.},
  journal={Journal of alloys and compounds},
  volume={211},
  pages={534--538},
  year={1994},
  publisher={Elsevier}
}


@article{barry2012shearwavesispersion,
title = {Shear Wave Dispersion Measures Liver Steatosis},
journal = UMBIOL,
volume = {38},
number = {2},
pages = {175--182},
year = {2012},
author = "Barry, Christopher T. and Mills, Bradley and Hah, Zaegyoo and Mooney, Robert A. and Ryan, Charlotte K. and Rubens, Deborah J. and Parker, Kevin J.",
}



@article{papazoglou2012multifrequency,
  author={Papazoglou, Sebastian and Hirsch, Sebastian and Braun, J\"urgen and Sack, Ingolf},
  title={Multifrequency inversion in magnetic resonance elastography},
  journal=PHYSMEDBIOL,
  volume={57},
  number={8},
  pages={2329--2346},
  year={2012},
}


@article{muthupillai1995science,
  title = {Magnetic Resonance Elastography by Direct Visualization of Propagating Acoustic Strain Waves},
  author = {Muthupillai, R. and Lomas, D. J. and Rossman, P. J. and Greenleaf, J. F. and Manduca, A. and Ehman, R. L.},
  journal = {Science},
  volume = {269},
  number = {5232},
  pages = {1854--1857},
  year = {1995},
}

@article{atanakovic2011thermodynamical,
  author={Atanackovic, T. M. and Konjik, S. and Oparnica, L. and Zorica, D.},
  title={Thermodynamical restrictions and wave propagation for a class of fractional order viscoelastic rods},
  journal=ABSTRAPPLAN,
  year={2011},
  note = {Article {ID} 975694}
}


@ARTICLE{bercoff2004supersonic,
  author={Bercoff, J. and Tanter, M. and Fink, M.},
  journal=TUFFC,
  title={Supersonic shear imaging: a new technique for soft tissue elasticity mapping},
  year={2004},
  month={april},
  volume={51},
  number={4},
  pages={396--409},
}

@article{palmeri2011acoustic,
  title={Acoustic radiation force-based elasticity imaging methods},
  author={Palmeri, M. L. and Nightingale, K. R.},
  journal={Interface Focus},
  volume={1},
  number={4},
  pages={553--564},
  year={2011},
  publisher={The Royal Society}
}


@article{beard2011biomedical,
  title={Biomedical photoacoustic imaging},
  author={Beard, P.},
  journal={Interface Focus},
  volume={1},
  number={4},
  pages={602--631},
  year={2011},
  publisher={The Royal Society}
}

@article{treeby2010reconstruction,
  author={Treeby, Bradley E. and Zhang, Edward Z. and Cox, B. T.},
  title={Photoacoustic tomography in absorbing acoustic media using time reversal},
  journal=INVPROBL,
  volume={26},
  number={11},
  pages={115003},
  year={2010},
}
	
@incollection{kowar2012attenuation,
   author = {Kowar, Richard and Scherzer, Otmar},
   title = {Attenuation Models in Photoacoustics},
   booktitle = {Mathematical Modeling in Biomedical Imaging II},
   series = {Lecture Notes in Mathematics},
   editor = {Ammari, Habib},
   publisher = {Springer Berlin / Heidelberg},
   pages = {85--130},
   volume = {2035},
   year = {2012}
}

@article{roitner2012experimental,
  title={Experimental evaluation of time domain models for ultrasound attenuation losses in photoacoustic imaging},
  author={Roitner, H. and Bauer-Marschallinger, J. and Berer, T. and Burgholzer, P.},
  journal=JASA,
  volume={131},
  pages={3763--3774},
  year={2012}
}


@inbook{Podlubny1999chapter10_2,
  title={Fractional differential equations},
  author={Podlubny, I.},
  year={1999},
  publisher={Academic {P}ress},
  address = {New York},
  chapter={10.2}
} 

@incollection{berberiansantos2008,
   author = {Berberan-Santos, Mario N. and Bodunov, Evgeny N. and Valeur, Bernard},
   title = {Luminescence Decays with Underlying Distributions of Rate Constants: General Properties and Selected Cases},
   booktitle = {Fluorescence of Supermolecules, Polymers, and Nanosystems},
   series = {Springer Series on Fluorescence},
   editor = {Berberan-Santos, M. N. and Hof, Martin},
   publisher = {Springer Berlin Heidelberg},
   pages = {67--103},
   volume = {4},
   year = {2008}
}

@inbook{widder1971introductionchapter5_13,
  title={An Introduction to Transform Theory},
  author={Widder, D.V.},
  series={Pure and Applied Mathematics},
  year={1971},
  publisher={Academic Press},
  chapter = {5.13},
}

@article{bagley1991thermorheologically,
  title={The thermorheologically complex material},
  author={Bagley, R. L.},
  journal=INTJENGSCI,
  volume={29},
  number={7},
  pages={797--806},
  year={1991},
  publisher={Elsevier}
}

@article{friedrich1992generalized,
   author = {Friedrich, Chr. and Braun, H.},
   title = {Generalized Cole--Cole behavior and its rheological relevance},
   journal = RHEOLACTA, 
   pages = {309--322},
   volume = {31},
   issue = {4},
   year = {1992}
}

@ARTICLE{rossikhin2001analysis,
	author={Rossikhin, Y. A. and Shitikova, M. V.},
	title={Analysis of rheological equations involving more than one fractional parameters by the use of the simplest mechanical systems based on these equations},
	journal=MECHTIMEDEPMAT,
	year={2001},
	volume={5},
	number={2},
	pages={131--175},
}

@article{2012ehmanreview,
	author={Ehman, R. L. and Glaser, K. J. and Manduca, A.},
	title={Review of {MR} elastography applications and recent developments},
	journal=JMAGNRESON,
	year={2012},
	volume={36},
	number={4},
	pages={757--774},
}

@article{sasso2011application,
   author = {Sasso, M. and Palmieri, G. and Amodio, D.},
   title = {Application of fractional derivative models in linear viscoelastic problems},
   journal = MECHTIMEDEPMAT,
   pages = {367--387},
   volume = {15},
   issue = {4},
   year = {2011}
}

@article{grahovac2010,
title = {Modelling of the hamstring muscle group by use of fractional derivatives},
journal = COMPMATHAPPL,
volume = {59},
number = {5},
pages = {1695--1700},
year = {2010},
author = {Grahovac, N. M. and Zigic, M.M.}
}

@article{petrovic2005,
title = {On a mathematical model of a human root dentin},
journal = DENTMAT,
volume = {21},
number = {2},
pages = {125--128},
year = {2005},
author = {Petrovic, Ljubomir M. and Spasic, Dragan T. and Atanackovic, Teodor M.}
}


@article{yasar2012wideband,
author = {Yasar, Temel K. and Royston, Thomas J. and Magin, Richard L.},
title = {Wideband {MR} elastography for viscoelasticity model identification},
journal = MAGRESMED,
year = {2012},
note = {Online Version of Record published before inclusion in an issue}
}

@article{bhalekar2012generalizedfractional,
author = {Bhalekar, Sachin and Daftardar-Gejji, Varsha and Baleanu, Dumitru and Magin, Richard},
title = {Generalized fractional order bloch equation with extended delay},
journal = INTJBIFCH,
volume = {22},
number = {04},
pages = {1250071-1--1250071-15},
year = {2012},
}


@article{mainardi2011creeprelaxationviscosity,
year={2011},
journal=EURJPHYS,
volume={193},
issue={1},
doi={10.1140/epjst/e2011-01387-1},
title={Creep, relaxation and viscosity properties for basic fractional models in rheology},
author={Mainardi, F. and Spada, G.},
pages={133--160},
}


@article{bagley1991fractional,
author = {Bagley, R. L. and Calico, R. A.},
title={Fractional Order State Equations for the Control of Viscoelastically Damped Structures}, 
journal = {J. Guid. Control Dynam.}, 
volume={14},
year = {1991},
pages = {304--311}
}

@article{treeby2012modeling,
author = {Treeby, Bradley E. and Jaros, Jiri and Rendell, Alistair P. and Cox, B. T.},
title = {Modeling nonlinear ultrasound propagation in heterogeneous media with power law absorption using a $k$-space pseudospectral method},
year = {2012},
journal = JASA,
volume = {131},
number = {6},
pages = {4324--4336},
}

@article{mainardi2012historical,
   author = {Mainardi, Francesco},
   title = {An historical perspective on fractional calculus in linear viscoelasticity},
   journal = FCAA,
   keyword = {Mathematics and Statistics},
   pages = {712--717},
   volume = {15},
   issue = {4},
   year = {2012}
}

@article{meshkov1971integral,
  title={Integral representations of ${\owns}_\gamma$--functions and their application to problems in linear viscoelasticity},
  author={Meshkov, S. I. and Pachevskaya, G. N. and Postnikov, V. S. and Rossikhin, U. A.},
  journal=INTJENGSCI,
  volume={9},
  number={4},
  pages={387--398},
  year={1971},
  publisher={Elsevier}
}

@article{kowar2011causality,
  title={Causality analysis of frequency-dependent wave attenuation},
  author={Kowar, R. and Scherzer, O. and Bonnefond, X.},
  journal=MATHMETHAPPLSCI,
  volume={34},
  number={1},
  pages={108--124},
  year={2011},
  publisher={Wiley Online Library}
}

@article{ali2005relativistic,
  title={Relativistic heat conduction},
  author={Ali, YM and Zhang, LC},
  journal={International Journal of Heat and Mass Transfer},
  volume={48},
  number={12},
  pages={2397--2406},
  year={2005},
  publisher={Elsevier}
}


@article{tarasov2008conservation,
  title={Conservation laws and Hamilton’s equations for systems with long-range interaction and memory},
  author={Tarasov, V.E. and Zaslavsky, G.M.},
  journal=COMMNONLINSCI,
  volume={13},
  number={9},
  pages={1860--1878},
  year={2008},
  publisher={Elsevier}
}

@article{garra2012coupled,
  title={Coupled systems of fractional equations related to sound propagation: Analysis and discussion},
  author={Garra, R. and Polito, F.},
  journal=JMATPHYS,
  volume={53},
  pages={043502},
  year={2012}
}

@book{Enflo2004,
AUTHOR = {Enflo, B. O. and Hedberg, C. M.},
BOOKTITLE = {Theory of {N}onlinear {A}coustics in {F}luids},
title = {Physical theory of nonlinear acoustics},
PUBLISHER = {Kluwer Academic Publishers},
YEAR = 2004
}

@article{Holm2012China,
	title={Fractional acoustic wave equations from constitutive equations},
	author={Holm, Sverre and N\"asholm, Sven Peter and Sinkus, Ralph},
	journal={Proc. 5th Int. Workshop on Fractional Differentiation and its Applications},
	year={2012}
}

@article{Nasholm2013JASA,
	title={Model-based discrete relaxation process representation of band-limited power-law attenuation},
	author={N\"asholm, Sven Peter},
	volume = {133},
	number = {3},
	journal=JASA, 
	year = {2013},
	pages = {9 pages},
} 

@article{Nasholm2012China,
	title={A Fractional Acoustic Wave Equation from Multiple Relaxation Loss and Conservation Laws},
	author={N\"asholm, Sven Peter and Holm, Sverre},
	journal={Proc. 5th Int. Workshop on Fractional Differentiation and its Applications},
	year={2012}
}

@article{Prieur2012,
	title = {A more fundamental approach to the derivation of nonlinear acoustic wave equations with fractional loss operators},
	author = {Prieur, Fabrice and Vilenskiy, Gregory and Holm, Sverre},
       	year = 2012,
        volume={132},
  	pages={2169--2172},
	number = {4},
  	journal = JASA
}

@article{Gurtin1968,
  title={A general theory of heat conduction with finite wave speeds},
  author={Gurtin, M.E. and Pipkin, A.C.},
  journal={Archive for Rational Mechanics and Analysis},
  volume=31,
  number=2,
  pages={113--126},
  year=1968,
  publisher={Springer}
}

@article{Adamic2011,
  title={Unzipping Zipf's law},
  author={Adamic, Lada},
  journal={Nature},
  volume={474},
  pages={164--165},
  month=JUN,
  year={2011},
}

@article{Baek2011,
  title={Zipf's law unzipped},
  author={Baek, Seung Ki and Bernhardsson, Sebastian and Minnhagen, Petter},
  journal={New Journal of Physics},
  volume={13},
  pages={1--22},
  year={2011},
}


@article{Teixeira1988,
  title={Small-angle scattering by fractal systems},
  author={Teixeira, J.},
  journal=JAPPLCRYST,
  volume={21},
  number={6},
  pages={781--785},
  year={1988},
}

@article{Katicha2012,
   author = {Katicha, Samer Wehbe and Flintsch, G. W.},
   title = {Fractional viscoelastic models: master curve construction, interconversion, and numerical approximation},
   journal = RHEOLACTA,
   pages = {1--15},
   volume = 51,
   number = {},
   year = 2012,
}

@article{Tarasov2008,
  author={Tarasov, Vasily E.},
  title={Universal electromagnetic waves in dielectric},
  journal=JPHYSCONDMATT,
  volume=20,
  number=17,
  pages={175223},
  year=2008,
}



@ARTICLE{Abdullah2012,
	author={Abdullah, H. H. and El Sadek, H. A. and Eldeeb, H. and Bagherzadeh, N.},
	journal=IEEEANTENNLETT,
	title={Fractional Derivatives Based Scheme for {FDTD} Modeling of nth order {C}ole--{C}ole Dispersive media},
	year=2012,
	month={XX},
	volume={XX},
	number=99,
	pages={xx--xx},
}

@article {Anastasio1994,
   author = {Anastasio, Thomas},
   title = {The fractional-order dynamics of brainstem vestibulo-oculomotor neurons},
   journal = BIOLCYB,
   pages = {69--79},
   volume = 72,
   issue = 1,
   year = 1994
}

@article{Machado2006,
  title={Fractional order electromagnetics},
  author={Machado,J. A. Tenreiro and Jesus, I. S. and Galhano, A. and Boaventura Cunha, J.},
  journal=SIGNPROC,
  volume=86,
  number=10,
  pages={2637--2644},
  year=2006,
}


@article{Krishna2011,
  title={Studies on fractional order differentiators and integrators: {A} survey},
  author={Krishna, B. T.},
  journal=SIGNPROC,
  volume=91,
  number=3,
  pages={386--426},
  year=2011,
}


@article{Magin2011,
title = {On the fractional signals and systems},
journal = SIGNPROC,
volume = 91,
number = 3,
pages = {350--371},
year = 2011,
author = {Magin, Richard  and Ortigueira, Manuel D.  and Podlubny, Igor   and Trujillo, Juan },
}

@article{deOliveira2011,
   author = {de Oliveira, E. Capelas and Mainardi, F. and Vaz, J.},
   title = {Models based on {M}ittag-{L}effler functions for anomalous relaxation in dielectrics},
   journal = EURJPHYS,
   pages = {161--171},
   volume = 193,
   issue = 1,
   year = 2011,
}

@ARTICLE{Popov2012,
	author={Popov, I. I. and Nigmatullin, R. R. and Koroleva, E .Y. and Nabereznov, A .A.},
	title={The generalized {J}onscher's relationship for conductivity and its confirmation for porous structures},
	journal=JNONCRYSTSOL,
	year=2012,
	volume=358,
	number=1,
	pages={1--7},
}

@article{Povstenko2009,
  title={Thermoelasticity that uses fractional heat conduction equation},
  author={Povstenko, Y. Z.},
  journal={Journal of Mathematical Sciences},
  volume=162,
  number=2,
  pages={296--305},
  year=2009,
  publisher={Springer}
}



@article{Rekanos2012,
	author={Rekanos, I. T.},
	journal={Microwave and Wireless Components Letters, IEEE},
	title={{FDTD} Modeling of Havriliak-Negami Media},
	year={2012},
	month=FEB,
	volume={22},
	number={2},
	pages={49--51},
}

@article{Fujii2012,
	author={Fujii, M.},
	journal={Microwave and Wireless Components Letters, IEEE},
	title={Maximum Frequency Range Limit of Multi-Pole {D}ebye Models of Human Body Tissues},
	year={2012},
	month=FEB,
	volume={22},
	number={2},
	pages={73--75},
}

@article{Bano2004,
	author = {Bano, Maksim},
	title = {Modelling of {GPR} waves for lossy media obeying a complex power law of frequency for dielectric permittivity},
	journal = {Geophysical Prospecting},
	volume = {52},
	number = {1},
	pages = {11--26},
	year = {2004},
}


@article{Bradford2007,
	author = {Bradford, John H.},
	title = {Frequency-dependent attenuation analysis of ground-penetrating radar data},
	year = {2007},
	journal = {Geophysics},
	volume = {72},
	number = {3},
	pages = {J7--J16},
}



@article{Liebler2004,
  title={Full wave modeling of therapeutic ultrasound: {E}fficient time-domain implementation of the frequency power-law attenuation},
  author={Liebler, M. and Ginter, S. and Dreyer, T. and Riedlinger, R. E.},
  journal=JASA,
  volume={116},
  pages={2742--2750},
  year={2004}
}


@ARTICLE{Wismer1995,
author={Wismer, M. G. and Ludwig, R.},
journal=TUFFC,
title={An explicit numerical time domain formulation to simulate pulsed pressure waves in viscous fluids exhibiting arbitrary frequency power law attenuation},
year={1995},
month=NOV,
volume={42},
number={6},
pages={1040--1049},
}

@article{Kelley2007,
	author={Kelley, D. F. and Destan, T. J. and Luebbers, R. J.},
	title={Debye function expansions of complex permittivity using a hybrid particle swarm-least squares optimization approach},
	journal=IEEETRANTENNAS,
	year={2007},
	volume={55},
	number={7},
	pages={1999--2005},
}


@article{Tofighi2009,
	author={Tofighi, M.-R.},
	journal=IEEETMICROWTH,
	title={{FDTD} Modeling of Biological Tissues {C}ole--{C}ole Dispersion for 0.5--30 {GHz} Using Relaxation Time Distribution Samples --- Novel and Improved Implementations},
	year={2009},
	month=OCT,
	volume={57},
	number={10},
	pages={2588--2596},
}

@article{Rekanos2010,
	author={Rekanos, I. T. and  Papadopoulos, T. G.},
	title={An auxiliary differential equation method for {FDTD} modeling of wave propagation in {C}ole--{C}ole dispersive media},
	journal=IEEETRANTENNAS,
	year={2010},
	volume={58},
	number={11},
	pages={3666--3674},
}

@article{Rekanos2010multiplerelax,
	author={Rekanos, I. T. and Papadopoulos, T. G.},
	title={{FDTD} modeling of wave propagation in {C}ole--{C}ole media with multiple relaxation times},
	journal=IEEEANTENNLETT,
	year={2010},
	volume={9},
	pages={67--69},
}

@inbook{samko1993chapter2,
    author = {Samko, Stefan G. and Kilbas, Anatoly A. and Marichev, Oleg I.},
    month = dec,
    publisher = {Gordon and Breach},
    title = {Fractional Integrals and Derivatives: Theory and Applications},
    year = {1993},
    address = {New York},
    chapter = {2},
}

@book{samko1993wholebook,
    author = {Samko, Stefan G. and Kilbas, Anatoly A. and Marichev, Oleg I.},
    month = dec,
    publisher = {Gordon and Breach},
    title = {Fractional Integrals and Derivatives: Theory and Applications},
    year = {1993},
    address = {New York},
}

@article{newman2005,
author = {Newman, M. E. J.},
title = {Power laws, {P}areto distributions and {Z}ipf's law},
journal = CONTEMPPHYS,
volume = {46},
number = {5},
pages = {323--351},
year = {2005},
} 

@inbook{bateman1954V1C6,
  title={Tables of integral transforms},
  author={Bateman, H. and Erd{\'e}lyi, A.},
  year={1954},
  volume={1},
  publisher={McGraw--Hill},
  address={New York}, 
  chapter={6}
}


@inbook{bateman1953V1C1,
  title={Higher transcendental functions},
  author={Bateman, H. and Erd{\'e}lyi, A.},
  publisher={McGraw--Hill},
  address={New York},
  year={1953},
  volume=1,
}

@article{Pauly1971,
author = {Pauly, H. and Schwan, H. P.},
title = {Mechanism of Absorption of Ultrasound in Liver Tissue},
year = {1971},
journal = JASA,
volume = {50},
number = {2B},
pages = {692--699},
}

@INPROCEEDINGS{Clegg2010,
author={Clegg, J. and Robinson, M. P.},
booktitle=IEEEVCOMPUTCOM,
title={A genetic algorithm used to fit {D}ebye functions to the dielectric properties of tissues},
year=2010,
month=jul,
volume={},
issue={18--23 July 2010},
number={},
pages={1--8},
}

@article{nicoletti1994ultrasonic,
  title={Ultrasonic attenuation based on the Roney generalized theory and multiple power-law grain-size distributions},
  author={Nicoletti, D. and Kasper, D.},
  journal=TUFFC,
  volume={41},
  number={1},
  pages={144--149},
  year={1994}
}

@article{nicoletti1997determination,
  title={Determination of grain-size distribution from ultrasonic attenuation: Transformation and inversion},
  author={Nicoletti, D. and Anderson, A.},
  journal=JASA,
  volume={101},
  pages={686},
  year={1997}
}



@article{Withayachumnankul2010,
  title={A systemized view of superluminal wave propagation},
  author={Withayachumnankul, W. and Fischer, B. M. and Ferguson, B. and Davis, B. R. and Abbott, D.},
  journal={Proceedings of the IEEE},
  volume={98},
  number={10},
  pages={1775--1786},
  year={2010},
  publisher={IEEE}
}

@article{Bianchini2012,
title = {Assessment of Carotid Elasticity During Exercise: A Reproducibility Study},
journal = UMBIOL,
volume = 38,
number = 2,
pages = {223--30},
year = {2012},
author = {Bianchini,Elisabetta  and Bruno,Rosa Maria  and Corciu,Anca Irina  and Faita,Francesco  and Gemignani,Vincenzo  and Ghiadoni,Lorenzo  and Picano,Eugenio  and Sicari,Rosa }
}

@article{MartinezSanchez2012,
title = {Changes in Carotid Plaque Echogenicity with Time Since the Stroke Onset: An Early Marker of Plaque Remodeling?},
journal = UMBIOL,
volume = "38",
number = "2",
pages = {231--237},
year = {2012},
author = {Mart\'{i}nez-S\'{a}nchez,Patricia  and Fern\'{a}ndez-Dom\'{i}nguez,Jessica  and Ruiz-Ares,Gerardo  and Fuentes,Blanca  and Alexandrov,Andrei V.  and D\'{i}ez-Tejedor, Exuperio },
}


@article{Couade2010,
title = {Quantitative Assessment of Arterial Wall Biomechanical Properties Using Shear Wave Imaging},
journal = UMBIOL,
volume = "36",
number = "10",
pages = "1662--1676",
year = "2010",
author = "Couade,Mathieu  and Pernot,Mathieu  and Prada,Claire  and Messas,Emmanuel  and Emmerich,Joseph  and Bruneval,Patrick  and Criton,Aline  and Fink,Mathias  and Tanter,Mickael ",
}

@article{Kofoed2001,
title = {Real-time spatial compound imaging improves reproducibility in the evaluation of atherosclerotic carotid plaques},
journal = UMBIOL,
volume = "27",
number = "10",
pages = "1311--1317",
year = "2001",
author = "Kofoed,Steen Christian  and Gr�nholdt, Marie-Louise Moes and Wilhjelm, Jens E  and Bismuth,Jean  and Sillesen, Henrik ",
}

@article{Kern2004characterization,
  title={Characterization of carotid artery plaques using real-time compound B-mode ultrasound},
  author={Kern, R. and Szabo, K. and Hennerici, M. and Meairs, S.},
  journal={Stroke},
  volume={35},
  number={4},
  pages={870--875},
  year={2004},
  publisher={Am Heart Assoc}
}


@ARTICLE{Larsson2011,
author={Larsson, M. and Kremer, F. and Claus, P. and Kuznetsova, T. and Brodin, L. and D'hooge, J.},
journal=TUFFC,
title={Ultrasound-based radial and longitudinal strain estimation of the carotid artery: a feasibility study},
year={2011},
month=OCT,
volume={58},
number={10},
pages={2244--2251},
}

@CONFERENCE{Hansen2011,
author={Hansen, H. H. G. and Lopata, R. G. P. and Keijts, M. and Idzenga, T. and De Korte, C. L.},
title={Noninvasive strain imaging in pulsating vessels using beam steered ultrasound acquisitions},
booktitle={Proceedings - International Symposium on Biomedical Imaging},
year={2011},
pages={1078--1081},
}


@article{Wells2011,
author = {Wells, Peter N. T. and Liang, Hai-Dong}, 
title = {Medical ultrasound: imaging of soft tissue strain and elasticity}, 
volume = {8}, 
number = {64}, 
pages = {1521--1549}, 
year = {2011}, 
journal = {Journal of The Royal Society Interface} 
}

@ARTICLE{Swillens2012,
author={Swillens, A. and De Santis, G. and Degroote, J. and Lovstakken, L. and Vierendeels, J. and Segers, P.},
journal={Medical Imaging, IEEE Transactions on},
title={Accuracy of Carotid Strain Estimates From Ultrasonic Wall Tracking: A Study Based on Multiphysics Simulations and In Vivo Data},
year={2012},
month=JAN,
volume={31},
number={1},
pages={131--39},
}

@ARTICLE{Hodis2011pulsewave,
author={Hodis, S. and Zamir, M.},
title={Pulse wave velocity as a diagnostic Index: The pitfalls of tethering versus stiffening of the arterial wall},
journal={Journal of Biomechanics},
year={2011},
volume={44},
number={7},
pages={1367--1373},
}

@article{Schmitt2010,
title = {Ultrasound Dynamic Micro-Elastography Applied to the Viscoelastic Characterization of Soft Tissues and Arterial Walls},
journal = UMBIOL,
volume = "36",
number = "9",
pages = "1492--503",
year = "2010",
issn = "0301-5629",
author = {Schmitt, C�dric and Hadj Henni, Anis  and Cloutier, Guy},
}


@article{Hodis2011,
title = {Mechanical events within the arterial wall under the forces of pulsatile flow: A review},
journal = "Journal of the Mechanical Behavior of Biomedical Materials",
volume = "4",
number = "8",
pages = "1595--1602",
year = "2011",
author = "Hodis, S.  and Zamir, M. ",
}

@article{Garcia2011,
title = {Experimental study and constitutive modelling of the passive mechanical properties of the porcine carotid artery and its relation to histological analysis: Implications in animal cardiovascular device trials},
journal = {Medical Engineering \& Physics},
volume = "33",
number = "6",
pages = "665--676",
year = "2011",
author = "Garc�a, A.  and Pe�a, E.  and Laborda,A.  and Lostal�, F.  and De Gregorio, M. A.  and Doblar�, M.  and Mart�nez, M. A. ",
}


@article{Craiem2007fractional,
  title={A fractional derivative model to describe arterial viscoelasticity},
  author={Craiem, D. and Armentano, R. L.},
  journal={Biorheology},
  volume={44},
  number={4},
  pages={251--263},
  year={2007},
}


@article{Vilensky2012,
author = {Vilensky, G. and ter Haar, G.  and Saffari, N.},
title = "A model of acoustic absorption in fluids based on a continuous distribution of relaxation times",
journal = "Wave Motion",
volume = "49",
number = "1",
pages = "93--108",
year = "2012",
issn = "0165-2125",
}

@article{Vilensky2011,
	author = {Vilensky, G. and ter Haar, G.  and Saffari, N.},
	title = {A model of acoustic absorption in fluids based on a continuous distribution of relaxation times},
	journal = {Wave Motion},
	volume = {X},
	number = {X},
	pages = {X--X},
	year = {2011},
	note = {(in press)},
}
	issn = {0165-2125},
	doi = {10.1016/j.wavemoti.2011.07.005},


@article{Atanackovic2009generalized,
  title={Generalized wave equation in nonlocal elasticity},
  author={Atanackovic, TM and Stankovic, B.},
  journal={Acta Mechanica},
  volume={208},
  number={1},
  pages={1--10},
  year={2009},
}


@article{Tillett2009,
  title={A k-space method for acoustic propagation using coupled first-order equations in three dimensions},
  author={Tillett, J. C. and Daoud, M. I. and Lacefield, J. C. and Waag, R. C.},
  journal=JASA,
  volume={126},
  pages={1231--1244},
  year={2009}
}

@article{Pourjavid1992numerical,
  title={Numerical solution of the direct scattering problem through the transformed acoustical wave equation},
  author={Pourjavid, S. and Tretiak, J.},
  journal=JASA,
  volume={91},
  pages={639--645},
  year={1992},
  issue={2},
}


@article{Scherer1990theories,
  title={Theories of relaxation},
  author={Scherer, G. W.},
  journal=JNONCRYSTSOL,
  volume={123},
  number={1--3},
  pages={75--89},
  year={1990},
}


@article{Magin2011anomalous,
  title={Anomalous {NMR} relaxation in cartilage matrix components and native cartilage: {F}ractional-order models},
  author={Magin, R. L. and Li, W. and Pilar Velasco, M. and Trujillo, J. and Reiter, D. A. and Morgenstern, A. and Spencer, R. G.},
  journal=JMAGNRESON,
  volume={251},
  issue={2},
  pages={184--191},
  year={2011},
}

@article{Schiessel1993,
  author={Schiessel, H.  and Blumen, A. },
  title={Hierarchical analogues to fractional relaxation equations},
  journal=JPHYSA,
  volume={26},
  number={19},
  pages={5057--5069},
  year={1993},
}

@article{Jongen1986,
	author = {Jongen, H. A. H.  and Thijssen, J. M.  and van den Aarssen, M.  and Verhoef, W. A. },
	title = {A general model for the absorption of ultrasound by biological tissues and experimental verification},
	year = {1986},
	journal = JASA,
	volume = {79},
	number = {2},
	pages = {535--540},
}

@book{Duck1990,
	AUTHOR    = "Duck, Francis A.",
	TITLE     = "Physical properties of tissue",
	PUBLISHER = "Academic Press",
	YEAR      = {1990},
} 

    

@article{Banik1985stratigraphic,
  title={Stratigraphic filtering, Part {I}: {D}erivation of the {O'D}oherty-{A}nstey formula},
  author={Banik, N. C. and Lerche, I. and Shuey, R. T.},
  journal={Geophysics},
  volume={50},
  pages={2768},
  year={1985}
}

@article{ODoherty71,
      title={Reflections on amplitudes},
      author={O'Doherty, R. F and Anstey, N. A.},
      journal=GEOPHYSPROSP,
      volume={19},
      pages={430--458},
      year={1971},
}



@article{Wennerberg1989similarity,
	Author = {Wennerberg, L and Frankel, A},
	Title = {On the similarity of theories of anelastic and scattering attenuation},
	Journal = BSEISMSOCAM, 
	Year = {1989},
	Volume = {79},
	Number = {4},
	Pages = {1287--1293},
	Month = AUG,
}


@article{gorenflo2000,
  title={Mapping between solutions of fractional diffusion-wave equations},
  author={Gorenflo, R. and Iskenderov, A. and Luchko, Y.},
  journal=FCAA,
  volume={3},
  number={1},
  pages={75--86},
  year={2000},
}

@inbook{Podlubny1999chapter1-2,
  title={Fractional differential equations},
  author={Podlubny, I.},
  year={1999},
  publisher={Academic {P}ress},
  address = {New York},
  chapter={1--2}
} 


@book{Eringen2001,
	title = {Nonlocal continuum field theories}, 
	author =  {Eringen, A. Cemal},
	year = {2010},
	PUBLISHER = {Springer},
	address = {Berlin}
}


@InCollection{Bass1998,
  author     =  {Bass, Harvey E. and Shields, F. Douglas},
  title      = 	 {Ultrasonic relaxation processes},
  chapter =   {42},
  booktitle  =  {Handbook of Acoustics}, 
  publisher  =	 {Wiley-Interscience},
  year       =	 1998,
  address  =   {New York},
  editor     =	 {Crocker, Malcom J.},
}
 %pages      =	 {495--504}


@article{Prieur2011,
	author = {Prieur, Fabrice and Holm, Sverre},
	title = {Nonlinear acoustic wave equations with fractional loss operators},
	publisher = {ASA},
	year = {2011},
	journal = JASA,
	volume = {130},
	number = {3},
	pages = {1125--1132},
}

@article{Papoulia2010,
   author = {Papoulia, Katerina and Panoskaltsis, Vassilis and Kurup, Nishu and Korovajchuk, Igor},
   title = {Rheological representation of fractional order viscoelastic material models},
   journal = {Rheol. Acta},
   keyword = {Physics and Astronomy},
   pages = {381--400},
   volume = {49},
   issue = {4},
   year = {2010},
}

@article{Urban2010,
author = {Matthew W. Urban and Mostafa Fatemi and James F. Greenleaf},
title = {Modulation of ultrasound to produce multifrequency radiation force},
publisher = {ASA},
year = {2010},
journal = JASA,
volume = {127},
number = {3},
pages = {1228--1238},
}

@article{Chen2004,
author = {Chen, Shigao and Fatemi, Mostafa and Greenleaf, James F.},
title = {Quantifying elasticity and viscosity from measurement of shear wave speed dispersion},
publisher = {ASA},
year = {2004},
journal = JASA,
volume = {115},
number = {6},
pages = {2781--2785},
}



@article{Pasovic2010,
title = {Broadband Reduction of the Second Harmonic Distortion During Nonlinear Ultrasound Wave Propagation},
journal = UMBIOL,
volume = "36",
number = "10",
pages = "1568---1580",
year = "2010",
author = "Mirza Pasovic and Mike Danilouchkine and Guillaume Matte and Antonius F.W. van der Steen and Olivier Basset and Nico de Jong and Christian Cachard",
}

@article{Ingman2000,
author = {Ingman, D. and Suzdalnitsky, J. and Zeifman, M.},
title = {Constitutive Dynamic-Order Model for Nonlinear Contact Phenomena},
publisher = {ASME},
year = {2000},
journal = {Journal of Applied Mechanics},
volume = {67},
number = {2},
pages = {383--390},
}


@article{Ingman2005,
author = {Dov Ingman and Joseph Suzdalnitsky},
title = {Application of Differential Operator with Servo-Order Function in Model of Viscoelastic Deformation Process},
publisher = {ASCE},
year = {2005},
journal = {J. Eng. Mech.},
volume = {131},
number = {7},
pages = {763--767},
}


@article{Ramirez2010,
  title={On the Selection and Meaning of Variable Order Operators for Dynamic Modeling},
  author={Ramirez, L. E. S. and Coimbra, C. F. M.},
  journal={Int. J. Diff. Eq.},
  year={2010}
}


@ARTICLE{Coimbra2003,
author={Coimbra, C. F. M.},
title={Mechanics with variable-order differential operators},
journal={Annalen der Physik (Leipzig)},
year={2003},
volume={12},
number={11--12},
pages={692--703},
}

@ARTICLE{Pinton2009,
author={Pinton, G. F. and Dahl, J. and Rosenzweig, S. and Trahey, G. E.},
title={A heterogeneous nonlinear attenuating full-wave model of ultrasound},
journal=TUFFC,
year={2009},
volume={56},
number={3},
pages={474--488},
}


@ARTICLE{Dinzart2009,
author={Dinzart, F. and Lipinski, P.},
title={Improved five-parameter fractional derivative model for elastomers},
journal={Arch. Mech.},
year={2009},
volume={61},
number={6},
pages={459--474},
}

@article{Heymans1994,
   author = {Heymans, Nicole and Bauwens, J. -C.},
   title = {Fractal rheological models and fractional differential equations for viscoelastic behavior},
   journal = {Rheologica Acta},
   issn = {0035-4511},
   pages = {210--219},
   volume = {33},
   issue = {3},
   year = {1994}
}

@ARTICLE{Cox2010,
author={Cox, B. T. and Treeby, B. E.},
title={Artifact trapping during time reversal photoacoustic imaging for acoustically heterogeneous media},
journal=TMEDIM,
year={2010},
volume={29},
number={2},
pages={387--396},
}

@inProceedings{Treeby2009,
author = {Bradley E. Treeby and Benjamin T. Cox},
editor = {Alexander A. Oraevsky and Lihong V. Wang},
title = {Fast tissue-realistic models of photoacoustic wave propagation for homogeneous attenuating media},
publisher = {SPIE},
year = {2009},
journal = {Photons Plus Ultrasound: Imaging and Sensing 2009},
volume = {7177},
eid = {717716},
numpages = {10},
pages = {717716},
booktitle = {Proc. SPIE},
}




@ARTICLE{Debnath2003,
author={Debnath, L.},
title={Recent applications of fractional calculus to science and engineering},
journal={Internat. J. Math. Math. Sci.},
year={2003},
volume={2003},
number={54},
pages={3413--3442},
}

@ARTICLE{Gutierrez2010,
author={Guti\'errez, R. E. and Ros\'ario, J. M. and Machado, J. T.},
title={Fractional order calculus: Basic concepts and engineering applications},
journal=MATHPROBLENG,
year={2010},
volume={2010},
pages={19 pages},
}

@ARTICLE{Hanyga2003,
author={Hanyga, A. and Seredy\'nska, M.},
title={Power-law attenuation in acoustic and isotropic anelastic media},
journal=GEOPHYSJINT, 
year={2003},
volume={155},
number={3},
pages={830--838},
}



@article{Pritz1996,
author={Pritz, T.},
title={Analysis of four-parameter fractional derivative model of real solid materials},
journal=JSV,
year={1996},
volume={195},
number={1},
pages={103--115},
}

@ARTICLE{Metzler2003,
author={Metzler, R. and Nonnenmacher, T. F.},
title={Fractional relaxation processes and fractional rheological models for the description of a class of viscoelastic materials},
journal={Int. J. Plasticity},
year={2003},
volume={19},
number={7},
pages={941--959},
}

@article{Sack2009,
author = {Ingolf Sack and Bernd Beierbach and Jens Wuerfel and Dieter Klatt and Uwe Hamhaber and Sebastian Papazoglou and Peter Martus and J\"urgen Braun},
title = {The impact of aging and gender on brain viscoelasticity},
journal = "NeuroImage",
volume = {46},
number = {3},
pages = {652--657},
year = {2009},
}

@ARTICLE{Klatt2007,
author={Klatt, D. and Hamhaber, U. and Asbach, P. and Braun, J. and Sack, I.},
title={Noninvasive assessment of the rheological behavior of human organs using multifrequency {MR} elastography: A study of brain and liver viscoelasticity},
journal={Phys. Med. Biol.},
year={2007},
volume={52},
number={24},
pages={7281--7294},
}

@article{Glockle1991,
author={Gl\"ockle, W. G. and Nonnenmacher, T. F.},
title={Fractional integral operators and {F}ox functions in the theory of viscoelasticity},
journal={Macromolecules},
year={1991},
volume={24},
number={24},
pages={6426--6434},
}

@article{Tobolsky1956,
Author = {Tobolsky, A. V. and Catsiff, E.},
Title = {elastoviscous properties of polyisobutylene (and other amorphous polymers) from stress-relaxation studies {IX}. {A} summary of results},
Journal = {Journal of polymer science},
Year = {1956},
Volume = {19},
Number = {91},
Pages = {111--121},
}

@ARTICLE{Coussot2009,
author={Coussot, C. and Kalyanam, S. and Yapp, R. and Insana, M.},
title={Fractional derivative models for ultrasonic characterization of polymer and breast tissue viscoelasticity},
journal=TUFFC,
year={2009},
volume={56},
number={4},
pages={715--725},
}

@article{Cole1941,
author={Cole, K. S. and Cole, R. H.},
title={Dispersion and absorption in dielectrics {I}. {A}lternating current characteristics},
journal=JCHEMPHYS,
year={1941},
volume={9},
number={4},
pages={341--351},
}

@Mastersthesis{Sann1990,
	author = {Sann, M.},
	title = {Mechanische spektroskopie an gef\"ullten elastomeren},
	school = {University of {U}lm},
	address = {Germany},
	year = {1990},
}


@article{Surguladze,
author={Surguladze, T. A.},
title={On certain applications of fractional calculus to viscoelasticity},
journal=JMATHSCI,
year={2002},
volume={112},
number={5},
pages={4517--4557},
}


@article{Weaver1981,
  title={{Dispersion relations for linear wave propagation in homogeneous and inhomogeneous media}},
  author={Weaver, R. L. and Pao, Y. H.},
  journal={Journ. {M}ath. {P}hys},
  volume={22},
  pages={1909--1918},
  year={1981}
}


@article{Treeby2010sectionIIB,
  title={{Modeling power law absorption and dispersion for acoustic propagation using the fractional Laplacian}},
  author={Treeby, B. E. and Cox, B. T.},
  journal=JASA,
  volume={127},
  pages={2741--2748},
  year={2010},
  note={Section IIB}
}

@article{Treeby2010,
  title={{Modeling power law absorption and dispersion for acoustic propagation using the fractional Laplacian}},
  author={Treeby, B. E. and Cox, B. T.},
  journal=JASA,
  volume={127},
  pages={2741--2748},
  year={2010}
}

@ARTICLE{Craiem2008,
author={Craiem, D. O. and Rojo, F. J. and Atienza, J. M. and Guinea, G. V. and Armentano, R. L.},
title={Fractional calculus applied to model arterial Viscoelasticity},
journal=LATAMAPPLRES,
year={2008},
volume={38},
number={2},
pages={141--145},
}

@article{Magin2010,
title = "On the fractional signals and systems",
journal = SIGNPROCESS,
volume = 91,
issue = 3,
pages = {350--371},
year = 2011,
author = "Richard Magin and Manuel D. Ortigueira and Igor Podlubny and Juan Trujillo",
}

@book{Podlubny1999wholebook,
  title={Fractional differential equations},
  author={Podlubny, I.},
  year={1999},
  publisher={Academic {P}ress},
  address = {New York},
} 
@inbook{Podlubny1999chapter1,
  title={Fractional differential equations},
  author={Podlubny, I.},
  year={1999},
  publisher={Academic {P}ress},
  address = {New York},
  chapter={1}
} 
@inbook{Podlubny1999,
  title={Fractional differential equations},
  author={Podlubny, I.},
  year={1999},
  publisher={Academic {P}ress},
  address = {New York},
  chapter={1.2}
} 
@inbook{Podlubny1999-chapter2.3,
  title={Fractional differential equations},
  author={Podlubny, I.},
  year={1999},
  publisher={Academic {P}ress},
  address = {New York},
  chapter={2.3}
} 
@inbook{Podlubny1999-chapter1.2,
  title={Fractional differential equations},
  author={Podlubny, I.},
  year={1999},
  publisher={Academic {P}ress},
  address = {New York},
  chapter={1.2}
} 

@article{Gorenflo2007,
	author = {{Gorenflo}, R. and {Mainardi}, F.},
	title = "{Fractional Calculus: Integral and Differential Equations of Fractional Order}",
	journal = {ArXiv e-prints},
	archivePrefix = "arXiv",
	eprint = {0805.3823},
	year = 2008,
	month = {May}
}
 title={Fractional calculus, integral and  differential equations of fractional order}, 
 author={R. Gorenflo and F. Mainardi},
 editor={A. Carpinteri and F. Mainardi},
 title={Fractals and Fractional Calculus in Continuum Mechanics},
 address={Springer Verlag, Wien},
 year={1997},
 pages={223--276},
 volume={378}, series CISM Courses and Lecture Notes, (ISBN 3-211-82913-X),

@inbook{Angelsen2000,
  title={Ultrasound Imaging. Waves, Signals and Signal Processing},
  volume=1,
  chapter={4.6 E},
  author={Angelsen, B. A. J.},
  year={2000},
  address={Trondheim, Norway},
  publisher={Emantec}
}

@inbook{Angelsen2000Chapter4,
  title={Ultrasound Imaging. Waves, Signals and Signal Processing},
  volume=1,
  chapter={4},
  author={Angelsen, B. A. J.},
  year={2000},
  address={Trondheim, Norway},
  publisher={Emantec}
}


@article{Sebaa2006,
author = {N. Sebaa and Z. E. A. Fellah and W. Lauriks and C. Depollier},
title = {Application of fractional calculus to ultrasonic wave propagation in human cancellous bone},
journal = SIGNPROCESS,
volume = {86},
number = {10},
pages = {2668--2677},
year = {2006},
note = {Special Section: Fractional Calculus Applications in Signals and Systems}
}


@ARTICLE{Adolfsson2005,
author={Adolfsson, K. and Enelund, M. and Olsson, P.},
title={On the fractional order model of viscoelasticity},
journal={Mech. Time-Dep. Mater.},
year={2005},
volume={9},
number={1},
pages={15--34},
}

@article{Bagley1986,
author={Bagley, R. L. and Torvik, P. J.},
title={On the fractional calculus model of viscoelastic behavior},
journal={J. Rheol.},
year={1986},
volume={30},
number={1},
pages={133--155},
}

@article{Torvik1984,
author={Torvik, P. J. and Bagley, R. L.},
title={On the appearance of the fractional derivative in the behavior of real materials},
journal={Journal of Applied Mechanics, Transactions ASME},
year={1984},
volume={51},
number={2},
pages={294--298},
}

@article{Bagley83A,
    author = {Bagley, R. L. and Torvik, P. J.},
    journal = {AIAA J.},
    number = {5},
    pages = {741--748},
    title = {Fractional calculus --- {A} different approach to the analysis of viscoelastically damped structures},
    volume = {21},
    year = {1983}
}


@article{Bagley83,
  title={A theoretical basis for the application of fractional calculus to viscoelasticity},
  author={Bagley, R. L. and Torvik, P. J.},
  journal={J. Rheology},
  volume={27},
  pages={201--210},
  year={1983}
}


@article{Atanackovic2002,
	author={Atanackovic, T. M.},
	title={A modified {Z}ener model of a viscoelastic body},
	journal=CONTMECHTHERMDYN,
	year={2002},
	volume={14},
	number={2},
	pages={137--148},
}

@article{Darvish2001,
	author={Darvish, K. K. and Crandall, J. R.},
	title={Nonlinear viscoelastic effects in oscillatory shear deformation of brain tissue},
	journal=MEDENPHYS,
	year={2001},
	volume={23},
	number={9},
	pages={633--645},
}

@article{Davis2006,
        author={Davis, G. B. and Kohandel, M. and Sivaloganathan, S. and Tenti, G.},
        year={2006},
        title={The constitutive properties of the brain paraenchyma. {P}art 2. {F}ractional derivative approach},
        journal=MEDENPHYS,
        volume={28},
        number={5},
        pages={455--459},
}

@article{Galford1970,
        author={Galford,J. E. and McElhaney,J. H.},
        year={1970},
        title={A viscoelastic study of scalp, brain, and dura},
        journal={Journal of Biomechanics},
        volume={3},
        number={2},
        pages={211--221},
}

@article{Kohandel2005,
  author={Kohandel, M and Sivaloganathan, S and Tenti, G and Darvish, K},
  title={Frequency dependence of complex moduli of brain tissue using a fractional {Z}ener model},
  journal=PHYSMEDBIOL,
  volume={50},
  number={12},
  pages={2799--2805},
  year={2005}
}

@ARTICLE{vanMoll2009,
author={Van Moll, C. A. M. and Ainslie, M. A. and Van Vossen, R.},
title={A Simple and accurate formula for the absorption of sound in seawater},
journal={IEEE Journal of Oceanic Engineering},
year={2009},
volume={34},
number={4},
pages={610--616},
}

@article{Parker2005,
author = {Kevin J. Parker and Lawrence S. Taylor and Sheryl Gracewski and Deborah J. Rubens},
title = {A unified view of imaging the elastic properties of tissue},
publisher = {ASA},
year = {2005},
journal = JASA,
volume = {117},
number = {5},
pages = {2705--2712},
}


@article{Caputo1967,
  title={Linear models of dissipation whose {Q} is almost frequency independent--{II}},
  author={Caputo, M.},
  journal=GEOPHYSJROYASTRS,
  volume={13},
  number={5},
  pages={529--539},
  year={1967},
}

@article{Kelly2008,
author = {Kelly, James F. and McGough, Robert J. and Meerschaert, Mark M.},
collaboration = {},
title = {Analytical time-domain {G}reen's functions for power-law media},
year = {2008},
journal = JASA,
volume = {124},
number = {5},
pages = {2861--2872},
}




@ARTICLE{Kelly2009,
author={Kelly, J. F. and McGough, R. J.},
title={Fractal ladder models and power law wave equations},
journal=JASA,
year={2009},
volume={126},
number={4},
pages={2072--2081},
}


@article{Ainslie1998,
  title={{A simplified formula for viscous and chemical absorption in sea water}},
  author={Ainslie, M. and McColm, J. G.},
  journal=JASA,
  volume={103},
  number={3},
  pages={1671--1672},
  year={1998}
}

@article{Bass1995,
  title={{Atmospheric absorption of sound: Further developments}},
  author={Bass, HE and Sutherland, LC and Zuckerwar, AJ and Blackstock, DT and Hester, DM},
  journal=JASA,
  volume={97},
  pages={680--683},
  year={1995}
}

@article{Bass1996,
  title={{Erratum: Atmospheric absorption of sound: Further developments [J. Acoust. Soc. Am. 97, 680--683 (1995)]}},
  author={Bass, H. E. and Sutherland, L. C. and Zuckerwar, A. J.  and Blackstock, D. T.  and Hester, D. M. },
  journal=JASA,
  volume={99},
  pages={1259},
  year={1996}
}

@article{Morfey1980,
  title={{Speed of sound in air as a function of frequency and humidity}},
  author={Morfey, C. L.  and Howell, G. P. },
  journal=JASA,
  volume={68},
  pages={1525--1527},
  year={1980}
}

@article{Howell1987,
  title={{Frequency dependence of the speed of sound in air}},
  author={Howell, G. P.  and Morfey, C. L. },
  journal=JASA,
  volume={82},
  pages={375--376},
  year={1987}
}

@ARTICLE{hansen2010,
	author={Hansen, Rune and M{\aa}s{\o}y, Svein-Erik and Johansen, Tonni Franke and Angelsen, Bj{\o}rn A.},
	title={Utilizing dual frequency band transmit pulse complexes in medical ultrasound imaging},
	journal=JASA,
	year={2010},
	volume={127},
	number={1},
	pages={579--587},
}

@ARTICLE{nasholm2009,
	author={N\"asholm, Sven Peter and Hansen, R. and M{\aa}s{\o}y, S.-E. and Johansen, T. F. and Angelsen, B. A. J.},
	title={Transmit beams adapted to reverberation noise suppression using dual-frequency {SURF} imaging},
	journal=TUFFC,
	year={2009},
	volume={56},
	number={10},
	pages={2124--2133},
}



@article{masoy:SURF_in_vivo,
	author = {M{\aa}s{\o}y, Svein-Erik and Standal, {\O}yvind and N\"asholm, Peter and Johansen, Tonni Franke and Hansen, Rune and Angelsen, Bj\orn},
	title = {{SURF} Imaging: In vivo demonstration of an ultrasound contrast agent detection technique},
	year = {2008},
	journal = TUFFC,
	volume = {55},
	number = {5},
	pages = {1112--1121},
}



@INPROCEEDINGS{Gorenflo1997,
  author = {Gorenflo, R. and Mainardi, F.},
  editor = {Carpinteri, A. and Mainardi, F.},
  year = 1997,
  title = {Fractional Calculus. {I}ntegral and Differential Equations of
          Fractional Order},
  booktitle = {Fractals and Fractional Calculus in Continuum Mechanics},
  pages = {223--276},
  publisher = {Springer},
  address = {Berlin}
}

@article{Caputo1971,
author={Caputo, M. and Mainardi, F.},
title={A new dissipation model based on memory mechanism},
journal=PUREAPPLCHEM,
year={1971},
volume={91},
number={1},
pages={134--147},
}

@article{Konjik2010,
title = "Waves in fractional {Z}ener type viscoelastic media",
journal = JMATHANALAPPL,
volume = "365",
number = "1",
pages = "259--268",
year = "2010",
author = "Konjik, Sanja and Oparnica, Ljubica and Zorica, Dusan ",
}

@article{Mainardi2007,
  title={{Time-fractional derivatives in relaxation processes: {A} tutorial survey}},
  author={Mainardi, F. and Gorenflo, R.},
  journal=FCAA,
  volume={10},
  number={3},
  pages={269--308},
  year={2007}
}

	A. Carpinteri and F. Mainardi (Editors): Fractals and Fractional Calculus in Continuum Mechanics, Springer Verlag, Wien and New York 1997, pp. 223-276.,

@article{Rossikhin1997,
  title={Applications of Fractional Calculus to Dynamic Problems of Linear and Nonlinear Hereditary Mechanics of Solids},
  author={Rossikhin, Y. A. and Shitikova, M. V.},
  journal=APPLMECHREV,
  volume={50},
  pages={15--67},
  year={1997}
}

@article{Rossikhin2010,
  title={Application of Fractional Calculus for Dynamic Problems of Solid Mechanics: Novel Trends and Recent Results},
  author={Rossikhin, Y. A. and Shitikova, M. V.},
  journal=APPLMECHREV,
  volume={63},
  pages={010801-1--25},
  year={2010}
}

@article{Rossikhin2010B,
author = {Yuriy A. Rossikhin},
title = {Reflections on Two Parallel Ways in the Progress of Fractional Calculus in Mechanics of Solids},
publisher = {ASME},
year = {2010},
journal = {Applied Mech.~Rev.},
volume = {63},
number = {1},
numpages = {12},
pages = {010701{-}1--010701{-}12},
}

@article{Machado2011,
title = "Recent history of fractional calculus",
author = "J. Tenreiro Machado and Virginia Kiryakova and Francesco Mainardi",
journal = COMMNONLINSCI,
volume = "16",
number = "3",
pages = "1140--1153",
year = "2011",
}

@Book{Zener1948,
	title={Elasticity and Anelasticity of Metals},
	author={Zener, C.},
	year={1948},
	publisher={University of {C}hicago {P}ress},
	address = {Chicago},
        pages   = {1--170},
}

@article{Meidav1964,
title = {Viscoelastic properties of the standard linear solid},
author = {Meidav, T.},
journal = {Geophys. Prospect.},
volume = {12},
number = {1},
pages = {1365--2478},
year = {1964},
}

@inBook{Mainardi2010,
	title="{Fractional Calculus and Waves in Linear Viscoelesticity: An Introduction to Mathematical Models}",
	author="Mainardi, Francesco",
	year="2010",
	publisher="Imperial College Press",
	address = "London, UK",
	pages   =  {1--347},
}


@Article{Kelbert1987,
  title = {{Relaxation and propagation of pulses in fluids}},
  author = {Kel'bert, M. Ya. and Chaban, I. A.},
  journal={Fluid Dynamics},
  volume={21},
  number={5},
  pages={805--812},
  year={1986},
  publisher={Springer}
}

@Article{Markham1951,
  title = {{Absorption of Sound in Fluids}},
  author = {Markham, J. J. and Beyer, R. T. and Lindsay, R. B.},
  journal = {Rev. Mod. Phys.},
  volume = {23},
  number = {4},
  pages = {353--411},
  year = {1951},
  doi = {10.1103/RevModPhys.23.353}
}

@article{Kneser1931,
	title={{Zur Dispersionstheorie des Schalles (On the theory of dispersion of sound)}},
	author={Kneser, H. O.},
    journal={Ann. Physik},
	pages={761--776},
	year={1931}
}


@article{Kneser1938,
	title={Schallabsorption und -dispersion in Fl\"ussigkeiten (Sound absorption and dispersion in liquids)},
	author={Kneser, H. O.},
    	journal={Ann. Physik},
	pages={277--289},
	year={1938}
}

@book{Beyer69,
  title={{Physical Ultrasonics}},
  author={Beyer,  R. T. and Letcher, S. V.},
  publisher={Academic {P}ress}, 
  address = {New York and London},
  year={1969}
}

@book{Hamilton98,
  title={{Nonlinear Acoustics}},
  author={Hamilton, M. F. and Blackstock, D. T.},
  publisher={Academic {P}ress},
  address = {New York and London}, 
  year={1998}
}


@article{Nachman1990,
	title={An equation for acoustic propagation in inhomogeneous media with relaxation losses},
	author={Nachman, A. I. and Smith III, J. F. and Waag, R. C.},
    	journal=JASA,
	volume={88},
	pages={1584--1595},
	year={1990}
}


@article{Odonnell1981,
  title={{Kramers--Kronig relationship between ultrasonic attenuation and phase velocity}},
  author={O'Donnell, M. and Jaynes, ET and Miller, JG},
  journal=JASA,
  volume={69},
  pages={696--701},
  year={1981}
}

@article{Machado2008,
author = {Machado, J. A. T. and Galhano, Alexandra},
title = {Fractional Dynamics: A Statistical Perspective},
publisher = {ASME},
year = {2008},
journal = {J. Comput. Nonlin. Dynam.},
volume = {3},
number = {2},
numpages = {5},
pages = {021201-1--021201-4},
}


@article{Chatterjee2005,
  title={{Statistical origins of fractional derivatives in viscoelasticity}},
  author={Chatterjee, A.},
  journal=JSV,
  volume={284},
  number={3--5},
  pages={1239--1245},
  year={2005},
  publisher={Elsevier}
}

@article{Alvarez2008,
  title={{Dispersion relation for air via Kramers--Kronig analysis}},
  author={{\'A}lvarez, F.J. and Kuc, R.},
  journal=JASA,
  volume={124},
  pages={EL57--EL61},
  year={2008},
  publisher={ASA}
}


@article{Enelund1999,
  title={Damping described by fading memory: analysis and application to fractional derivative models},
  author={Enelund, M. and Olsson, P.},
  journal={Int. Journ. Solids and Structures},
  volume={36},
  number={7},
  pages={939--970},
  year={1999},
  publisher={Elsevier Science}
}

@article{Holm2010,
  title={{A unifying fractional wave equation for compressional and shear waves}},
  author={Holm, S. and Sinkus, R.},
  journal=JASA,
  volume={127},
  pages={542--548},
  year={2010}
}

@article{Holm2011,
  author={Holm, Sverre and N\"asholm, Sven Peter},
  title = {A causal and fractional all-frequency wave equation for lossy media},
  publisher = {ASA},
  year = {2011},
  journal = JASA,
  volume = {130},
  number = {4},
  pages = {2195--2202},
}

@article{Nasholm2011,
	author = {N\"asholm, Sven Peter and Holm, Sverre},
	title = {Linking multiple relaxation, power-law attenuation, and fractional wave equations},
 	journal = JASA,
	volume = {130},
	number = {5},
	pages = {3038--3045},
	year = {2011},
}
@article{Sinkus2010,
title = "Elasticity reconstruction: {B}eyond the assumption of local homogeneity",
journal = "Comptes Rendus M\'ecanique",
volume = "338",
number = "7--8",
pages = "474--479",
year = "2010",
note = "Inverse problems",
author = "Sinkus, Ralph and Daire, Jean-Luc and Van Beers, Bernard E. and Vilgrain, Valerie",
}

@ARTICLE{Sinkus2000,
author={Sinkus, R. and Lorenzen, J. and Schrader, D. and Lorenzen, M. and Dargatz, M. and Holz, D.},
title={High-resolution tensor {MR} elastography for breast tumour detection},
journal=PHYSMEDBIOL,
year={2000},
volume={45},
number={6},
pages={1649--1664},
}

@article{Wheatcraft2008,
  title={Fractional conservation of mass},
  author={Wheatcraft, S. W. and Meerschaert, M. M.},
  journal={Advances in Water Resources},
  volume={31},
  number={10},
  pages={1377--1381},
  year={2008},
  publisher={Elsevier}
}

@article{Vazquez2011,
  title={From {N}ewton's Equation to Fractional Diffusion and Wave Equations},
  author={Vazquez, Luis},
  journal={Advances in Difference Equations},
  volume={2011},
  year={2011},
  publisher={Hindawi Publishing Corporation}
}


@ARTICLE{Giannoula2010,
author={Giannoula, A.},
title={Tissue elastography: Advances in imaging the mechanical properties of tissue},
journal={Recent Patents Electr. Eng.},
year={2010},
volume={3},
number={2},
pages={91--99},
}


@article{Horton1959,
  title={A loss mechanism for the {P}ierre shale},
  author={Horton, C. W.},
  journal={Geophysics},
  volume={24},
  pages={667--680},
  year={1959}
}


@article{Mobley00,
  title={{Kramers--{K}ronig relations applied to finite bandwidth data from suspensions of encapsulated microbubbles}},
  author={Mobley, J. and Waters, K.R. and Hughes, M.S. and Hall, C.S. and Marsh, J.N. and Brandenburger, G.H. and Miller, J.G.},
  journal=JASA,
  volume={108},
  pages={2091--2106},
  year={2000}
}

@ARTICLE{Waters2005,
author={Waters, K. R. and Mobley, J. and Miller, J. G.},
title={Causality-imposed ({K}ramers--{K}ronig) relationships between attenuation and dispersion},
journal=TUFFC,
year={2005},
volume={52},
number={5},
pages={822--833},
}

@book{Kinsler82,
  title={{Fundamentals of acoustics}},
  author={Kinsler, L. E. and Frey, A. R. and Coppens, A. B. and Sanders, J. V.},
  publisher={John Wiley},
  address = {New York},
  year={1982},
  key = "Kinsler82"
}

@article{Szabo94,
  title={Time domain wave equations for lossy media obeying a frequency power law},
  author={Szabo, T. L.},
  journal=JASA,
  volume={96},
  pages={491--500},
  year={1994},
  key = "Szabo94"
}

@article{Szabo95,
  title={{Causal theories and data for acoustic attenuation obeying a frequency power law}},
  author={Szabo, T. L.},
  journal=JASA,
  pages={14--24},
  volume={97},
  year={1995}
}

@article{Wismer06,
  title={Finite element analysis of broadband acoustic pulses through inhomogenous media with power law attenuation},
  author={Wismer, M. G.},
  journal=JASA,
  volume={120},
  pages={3493--3502},
  year={2006},
  key = "Wismer06"
}


@article{Catheline04,
author = {S. Catheline and J.-L. Gennisson and G. Delon and M. Fink and R. Sinkus and S. Abouelkaram and J. Culioli},
title = {Measurement of viscoelastic properties of homogeneous soft solid using transient elastography: An inverse problem approach},
publisher = {ASA},
year = {2004},
journal = JASA,
volume = {116},
number = {6},
pages = {3734--3741},
keywords = {bioacoustics; phantoms; biological tissues; biorheology; viscoelasticity; inverse problems; Helmholtz equations; ultrasonic propagation; biomedical NMR; biomedical ultrasonics},
doi = {10.1121/1.1815075},
key = "Catheline04"
}


@article{Chen04,
author = {W. Chen and S. Holm},
title = {Fractional {L}aplacian time-space models for linear and nonlinear lossy media exhibiting arbitrary frequency power-law dependency},
publisher = {ASA},
year = {2004},
journal = JASA,
volume = {115},
number = {4},
pages = {1424--1430},
keywords = {acoustic wave transmission; Laplace equations},
doi = {10.1121/1.1646399},
key = "Chen04"
}


@article{Chen03,
author = {W. Chen and S. Holm},
title = {Modified {S}zabo's wave equation models for lossy media obeying frequency power law},
publisher = {ASA},
year = {2003},
journal = JASA,
volume = {114},
number = {5},
pages = {2570--2574},
keywords = {acoustic wave absorption; wave equations},
doi = {10.1121/1.1621392},
key = "Chen03"
}

@book{Royer00,
	title = {Elastic Waves in Solids, vol {I}}, 
	author =  {Royer, D. and Dieulesaint, E.},
	year = {2000},
	PUBLISHER = {Springer},
	key = "Royer00",
	address = {Berlin}
}





@article{Fabry03,
  title={{Time scale and other invariants of integrative mechanical behavior in living cells}},
  author={Fabry, B. and Maksym, G. N. and Butler, J. P. and Glogauer, M. and Navajas, D. and Taback, N. A. and Millet, E. J. and Fredberg, J. J.},
  journal={Physical Review E},
  volume={68},
  number={4},
  pages={041914-1--18 },
  year={2003},
  key = "Fabry03"
}

@article{Kiss04,
  title={{Viscoelastic characterization of in vitro canine tissue}},
  author={Kiss, M. Z. and Varghese, T. and Hall, T. J.},
  journal=PHYSMEDBIOL,
  volume={49},
  number={18},
  pages={4207--4218},
  year={2004},
  publisher={[London: Institute of Physics in association with the American Institute of Physics and the] American Association of Physicists in Medicine [etc.]},
  key = "Kiss04"
}

@article{Szabo00,
  title={A model for longitudinal and shear wave propagation in viscoelastic media},
  author={Szabo, T. L. and Wu, J.},
  journal=JASA,
  volume={107},
  pages={2437--2446},
  year={2000},
  key = "Szabo00"
}

@article{Alvarezarenas02,
  title={{Viscoelasticity of silica aerogels at ultrasonic frequencies}},
  author={G\'{o}mez {\'A}lvarez-Arenas, T. E. and Montero de Espinosa, F. R. and Moner-Girona, M. and Rodr{\'\i}guez, E. and Roig, A. and Molins, E.},
  journal={Applied Physics Letters},
  volume={81},
  pages={1198--1200},
  year={2002},
  key = "Alvarezarenas02"
}



@article{Nicolle05,
  title={{Shear linear behavior of brain tissue over a large frequency range}},
  author={Nicolle, S. and Lounis, M. and Willinger, R. and Palierne, J.F.},
  journal={Biorheology},
  volume={42},
  number={3},
  pages={209--223},
  year={2005},
  publisher={IOS Press},
  key = "Nicolle05"
}

@article{Hoffman06,
  title={{The consensus mechanics of cultured mammalian cells}},
  author={Hoffman, B. D. and Massiera, G. and Van Citters, K. M. and Crocker, J. C.},
  journal={Proc. Nat. Acad. Sc.},
  volume={103},
  number={27},
  pages={10259�10264},
  year={2006},
  publisher={National Acad Sciences},
  key = "Hoffman06"
}


@article{Garnier2010,
author = {Josselin Garnier and Knut S{\o}lna},
title = {Effective fractional acoustic wave equations in one-dimensional random multiscale media},
publisher = {ASA},
year = {2010},
journal = JASA,
volume = {127},
number = {1},
pages = {62--72},
}



@article{Garnier09,
author = {Garnier, J. and S{\o}lna, K.},
title = {Pulse Propagation in Random Media with Long-Range Correlation},
publisher = {SIAM},
year = {2009},
journal = {Multiscale Modeling {\&} Simulation},
volume = {7},
number = {3},
pages = {1302--1324},
key = "Garnier09"
}

@ARTICLE{Pritz2003,
author={Pritz, T.},
title={Five-parameter fractional derivative model for polymeric damping materials},
journal=JSV,
year={2003},
volume={265},
number={5},
pages={935--952},
}

@ARTICLE{Pritz2001,
author={Pritz, T.},
title={Loss factor peak of viscoelastic materials: Magnitude to width relations},
journal=JSV,
year={2001},
volume={246},
number={2},
pages={265--280},
}

@article{Pritz99,
  title={{Verification of local Kramers--Kronig relations for complex modulus by means of fractional derivative model}},
  author={Pritz, T.},
  journal=JSV,
  volume={228},
  number={5},
  pages={1145--1165},
  year={1999},
  publisher={Elsevier}
}

@article{Kelly09,
author = {Kelly, J. F. and McGough, R. J.},
title = {Fractal ladder models and power law wave equations},
year = {2009},
journal=JASA,
volume = {126},
number = {4},
pages = {2072--2081}
}


@article{Sinkus2007,
  title={{{MR} elastography of breast lesions: Understanding the solid/liquid duality can improve the specificity of contrast-enhanced {MR} mammography}},
  author={Sinkus, R. and Siegmann, K. and Xydeas, T. and Tanter, M. and Claussen, C. and Fink, M.},
  journal={Magn. Res. in Med.},
  volume={58},
  number={6},
  year={2007},
  pages = {1135--1144},
  publisher={Wiley Subscription Services, Inc., A Wiley Company Hoboken}
}

@article{Knopoff54,
  title={{On the Dissipative Viscoelastic Constants of Higher Order}},
  author={Knopoff, L.},
  journal=JASA,
  volume={26},
  pages={183--186},
  year={1954}
}


@article{Asbach08,
  title={{Assessment of liver viscoelasticity using multifrequency {MR} elastography}},
  author={Asbach, P. and Klatt, D. and Hamhaber, U. and Braun, J. and Somasundaram, R. and Hamm, B. and  Sack, I.},
  journal={Magn. Res. in Med.},
  volume={61},
  number={3},
  year={2008},
  pages = {373--379},
  publisher={Wiley Subscription Services, Inc., A Wiley Company Hoboken}
}


@article{Schiessel95,
  title={{Mesoscopic Pictures of Sol-Gel Transition: Ladder Models and Fractal Networks}},
  author={Schiessel, H. and Blumen, A.},
  journal={Macromolecules},
  volume={28},
  year={1995},
  pages = {4013--4019}
}

@ARTICLE{Deffieux09, 
title={Shear Wave Spectroscopy for In Vivo Quantification of Human Soft Tissues Visco-Elasticity}, 
author={Deffieux, T. and Montaldo, G. and Tanter, M. and Fink, M.}, 
journal={{IEEE Trans. Med. Imag.}}, 
year={2009},  
volume={28}, 
number={3}, 
pages={313--322}
}


@book{Landau86,
  title={{Theory of Elasticity: Vol. 7 of Course of Theoretical Physics}},
  author={Landau, L. D. and Pitaevskii, L. P and Lifshitz, E. M. and Kosevich, A. M.},
  publisher={Butterworth-Heinemann},
  year={1986},
  address = {Burlington, MA}
}
% author={Landau, L. D. and Lifschitz, E. M.},
% author={Kosevich, A. M. and Lifshitz, E. M. and Landau, L. D. and Pitaevskii, L. P.},

@article{Buckingham97,
  title={Theory of acoustic attenuation, dispersion, and pulse propagation in unconsolidated granular materials including marine sediments},
  author={Buckingham, M. J.},
  journal=JASA,
  volume={102},
  pages={2579--2596},
  year={1997},
  key = "Buckingham97"
}

@article{Hovem79,
  title={Viscous attenuation of sound in saturated sand},
  author={Hovem, J. M. and Ingram, G. D.},
  journal=JASA,
  volume={66},
  pages={1807--1812},
  year={1979},
  key = "Hovem79"
}

@article{Dukhin2009,
  title={Bulk viscosity and compressibility measurement using acoustic spectroscopy},
  author={Andrei S. Dukhin and Philip J. Goetz},
  journal=JCHEMPHYS,
  volume={130},
  pages={124519-1--124519-19},
  year={2009},
}


@article{Stokes1845,
  title={On the theories of the internal friction of fluids in motion, and of the equilibrium and motion of elastic solids},
  author={G. G. Stokes},
  journal={Trans. Cambridge Philos. Soc.},
  volume={8},
  year={1845},
}

@article{Tarasov2005,
author={Tarasov, V. E.},
title={Fractional hydrodynamic equations for fractal media},
journal=ANNPHYS,
year={2005},
volume={318},
number={2},
pages={286--307},
}

@article{Li2009,
author = {Li, Jun and Ostoja-Starzewski, Martin}, 
title = {Fractal solids, product measures and fractional wave equations}, 
journal = PROCROYSOCA, 
volume = {465}, 
number = {2108}, 
pages = {2521--2536}, 
year = {2009}, 
}

@article{Mittag-Leffler1903,
author={Mittag-Leffer, M. G.}, 
title={Sur la nouvelle fonction ${E}_\alpha(x)$ ({O}n the New function ${E}_\alpha(x)$)}, 
journal={C. R. Acad. Sci. Paris},
volume={137},
pages={554--558},
year={1903},
}

@article{Wiman1905,
title={{\"U}ber den {F}undamentalsatz in der {T}heorie der {F}unktionen ${E}_\alpha(x)$ ({A}bout the fundamental theorem in the theory of the function ${E}_\alpha(x)$)},
author={Wiman, A},
journal={Acta Mathematica},
year={1905},
pages={191--201},
volume={29}
}

@inbook{Djrbashian1993chapter1,
  title={Harmonic analysis and boundary value problems in the complex domain},
  author={Djrbashian, M. M.},
  year={1993},
  publisher={Birkh{\"a}user},
  address={Basel, Switzerland},
  chapter={1},
}

@inbook{Djrbashian1966special,
  title={Integral transforms and representations of functions in the complex domain},
  author={Djrbashian, M. M.},
  year={1966},
  publisher={Nauka},
  address={Moscow, USSR},
  chapter={3--4}
} pages={1--671},
@inbook{Djrbashian1966,
  title={Integral transforms and representations of functions in the complex domain},
  author={Djrbashian, M. M.},
  year={1966},
  publisher={Nauka},
  language={Russian},
  note={in Russian},
  address={Moscow, USSR},
  chapter={3--4}
} pages={1--671},

book{Djrbashian1966,
  title={xxx Djrbashian monography in Russian xxx insert title},
  author={Djrbashian, M. M.},
  year={1966},
  publisher={xxx ??? xxx},
  address={xxx ??? xxx}
}

@article{Pillai1990,
title={On {M}ittag-{L}effler and related distributions},
author={Pillai, R. N.},
journal={Ann. Inst. Statist. Math.},
year={1990},
pages={157--161},
volume={42}
}

@article{Caputo2011,
title = "Wave Simulation in Biologic Media Based on the {K}elvin--{V}oigt Fractional-Derivative Stress--Strain Relation",
author = "Caputo, Michele and Carcione, Jos\'{e} M. and Cavallini, Fabio",
journal = UMBIOL,
volume = "37",
number = "6",
pages = "996--1004",
year = "2011",
doi = "DOI: 10.1016/j.ultrasmedbio.2011.03.009",
}

@article{Haubold2009,
  title={Mittag-{L}effler functions and their applications},
  author={Haubold, H. J. and Mathai, A. M. and Saxena, R. K.},
  journal={Tech. Report, arXiv:0909.0230,},
  year={2009},
  pages={1--51}
}

@article{Haubold2011,
  title={Mittag-{L}effler Functions and Their Applications},
  author={Haubold, H. J. and Mathai, A. M. and Saxena, R. K.},
  journal=JAPPLMATH,
  volume={2011},
  year={2011},
  pages={1--51}
}

@article{Yang2005,
  title={Time domain simulation of nonlinear acoustic beams generated by rectangular pistons with application to harmonic imaging},
  author={Yang, X. and Cleveland, R. O.},
  journal=JASA,
  volume={117},
  pages={113--123},
  year={2005}
}

@Misc{Cleveland_personal_comm_2011,
  author = {Robin O. Cleveland},
  howpublished = {personal communication},
  year = 2011,
}

@article{Berkhoff1996,
  title={Simulation of ultrasonic imaging with linear arrays in causal absorptive media},
  author={Berkhoff, A. P. and Thijssen, J. M. and Homan, R. J. F.},
  journal=UMBIOL,
  volume={22},
  number={2},
  pages={245--259},
  year={1996},
}

@article{Carcione2010,
	author = {Jos\'{e} M. Carcione},
	title = {A generalization of the {F}ourier pseudospectral method},
	year = {2010},
	journal = {Geophysics},
	volume = {75},
	number = {6},
	pages = {A53--A56},
}

@article{Tabei2003,
  title={Simulation of ultrasonic focus aberration and correction through human tissue},
  author={Tabei, M. and Mast, T. D. and Waag, R. C.},
  journal=JASA,
  volume={113},
  number={2},
  pages={1166--1176},
  year={2003},
}

@book{Gradshteyn2007,
  title={Table of Integrals, Series, and Products},
  author={Gradshteyn, I. S. and Ryzhik, I. M.},
  year={2007},
  publisher={Academic {P}ress},
  address={Burlington, MA},
  edition={7th},
}
@inbook{Gradshteyn2007chapter2,
  title={Table of Integrals, Series, and Products},
  author={Gradshteyn, I. S. and Ryzhik, I. M.},
  year={2007},
  publisher={Academic {P}ress},
  address={Burlington, MA},
  edition={7th},
  chapter={2},
}
@inbook{Gradshteyn2007chapter3,
  title={Table of Integrals, Series, and Products},
  author={Gradshteyn, I. S. and Ryzhik, I. M.},
  year={2007},
  publisher={Academic {P}ress},
  address={Burlington, MA},
  edition={7th},
  chapter={3},
}

@article{Abel1826,
  title={Aufl{\"o}sung einer mechanischen {A}ufgabe ({R}esolution of a Mechanical Problem)},
  author={Abel, N. H.},
  journal={J.~{R}eine.~{A}ngew.~{M}ath.},
  number={1},
  pages={153--157},
  year={1826},
}

@article{Carpinteri2011,
  title={A fractional calculus approach to nonlocal elasticity},
  author={Carpinteri, A. and Cornetti, P. and Sapora, A.},
  journal={{E}ur. {P}hys. {J}. {S}pecial {T}opics},
  volume={193},
  number={1},
  pages={193--204},
  year={2011},
  publisher={Springer}
} 
