% This file was created with JabRef 2.6.
% Encoding: UTF8

@ARTICLE{JohnDoe10,
  author = {John Doe, Johnny Doh},
  title = {Am in-depth study of why the sun seems to heat things up.},
  journal = {Nuclear Medicine},
  year = {2010},
  volume = {47},
  pages = {100-130},
  owner = {me},
  timestamp = {2010.07.12}
}

@comment{jabref-meta: selector_publisher:}

@comment{jabref-meta: selector_author:}

@comment{jabref-meta: selector_journal:}

@comment{jabref-meta: selector_keywords:}

