@Article{ bacon2000hot,
	title = "Hot topics in psychological and physiological acoustics: Compression",
	author = "S.P. Bacon",
	journal = "J. Acoust. Soc. Am",
	volume = "107",
	number = "5",
	pages = "2864--2864",
	year = "2000"
}

@Book{ dashen2010sound,
	title = "Sound transmission through a fluctuating ocean",
	author = "R. Dashen and W.H. Munk and K.M. Watson and F. Zachariasen",
	year = "2010",
	publisher = "Cambridge University Press"
}

@Article{ hamilton1837third,
	title = "Third supplement to an essay on the theory of systems of rays",
	author = "W.R. Hamilton",
	journal = "Trans. Roy. Irish Soc.",
	volume = "17",
	number = "part 1",
	pages = "1--144",
	year = "1837"
}

@Article{ kim1999development,
	title = "Development of an active muffler system for reducing exhaust noise and flow restriction in a heavy vehicle",
	author = "H.S. Kim and J.S. Hong and D.G. Sohn and J.E. Oh",
	journal = "Noise Control Eng.",
	volume = "47",
	number = "2",
	year = "1999"
}

@InProceedings{ kulvait2012nonlinear,
	title = "Nonlinear elastic models within linearized elasticity and applications",
	author = "V. Kulvait",
	booktitle = "Proceedings of Meetings on Acoustics",
	volume = "16",
	number = "1",
	pages = "045002--045002",
	year = "2012",
	organization = "Acoustical Society of America"
}

@Misc{ apple,
	title = "QuickTime movie viewer plugins for web browsers",
	booktitle = "Welcome to QuickTime",
	url = "http://quicktime.apple.com",
	year = "last viewed 29 Jan. 1998"
}

