% sample bibtex file for ECUA papers

@String{jasa = {J. Acoust. Soc. Am.}}
@String{pioa = {Proc. Inst. Acoust.}}
@String{ieee-assp = {IEEE Trans. Acoust. Speech \& Sig. Proc.}}
@String{ieee-ip = {IEEE Trans. Image Proc.}}
@String{ieee-pami = {IEEE Trans. Pattern Analysis \& Machine Intelligence}}
@String{ieee-sp = {IEEE Trans. Sig. Proc.}}
@String{iet-rsn = {IET Radar, Sonar \& Navigation}}

@article{capus:biosonar,
author = {Chris Capus and Yan Pailhas and Keith Brown and David M. Lane and Patrick W. Moore and Dorian Houser},
title = {Bio-inspired Wideband Sonar Signals Based on Observations of the Bottlenose Dolphin ({T}ursiops truncatus)},
journal = jasa,
volume = {121},
number = {1},
pages = {594-604},
month = jan,
year = 2007
}

@inproceedings{thode:marRecord,
author = {Aaron M. Thode and W.C. Burgess and C. Tiemann and P. Gerstoft and J. Straley and V. O'Connell and M. Noad},
title = {Using Time Synchronized Low Power Autonomous Recorders for Marine Mammal Acoustic Localisation},
booktitle = pioa,
volume = {29. Pt. 3},
pages = {1-12},
month = apr,
year = 2007
} 

@book{au:dolphins,
author = {Whitlow W. L. Au},
title = {The Sonar of Dolphins},
publisher = {Springer-Verlag},
address = {New York},
year = 1993
}

@book{goosens:latex,
author = {Michel Goosens and Frank Mittelbach and Alexander Samarin},
title = {The \textrm{\LaTeX} Companion},
publisher = {Addison-Wesley},
year = 1993
}

@book{kopka:latex,
author = {Helmut Kopka and Patrick W Daly},
title = {A Guide to \textrm{\LaTeX}},
edition = {3rd},
publisher = {Addison-Wesley},
year = 1999
}

@inbook{abramowitz:handbook,
editor = {Milton Abramowitz and Irene A. Stegun},
title = {Handbook of Mathematical Functions},
publisher = {Dover},
address = {New York},
chapter = 4,
pages = {72},
year = 1965
}

@incollection{green:mcmc,
author = {P.J. Green},
title = {{MCMC} in Image Analysis},
editor = {W. R. Gilks and S. Richardson and D. J. Spiegelhalter},
booktitle = {{M}arkov Chain {M}onte {C}arlo in Practice: Interdisciplinary Statistics},
publisher = {Chapman \& Hall},
address = {London},
chapter = 21,
pages = {381-399},
year = 1996
}

@phdthesis{muller:bats,
author = {Rolf M\"{u}ller},
title = {The Concept of Acoustic Flow in {CF}-Bats},
school = {University of T\"{u}bingen},
year = 1998,
}

@techreport{APL-UW:handbook,
author = {{APL-UW}},
title = {High Frequency Ocean Environmental Acoustic Models Handbook},
institution = {Applied Physics Laboratory, University of Washington},
address = {Seattle, WA, USA},
number = {APL-UW TR 9407},
month = oct,
year = 1994
}

@manual{pakin:latexSymbols,
author = {Scott Pakin},
title = {The Comprehensive \textrm{\LaTeX} Symbol List},
month = jan,
year = 2008,
note = {The latest version of this document can be obtained from the {CTAN} website (http://www.ctan.org) in directory: tex-archive/info/symbols/comprehensive.}
}












