@misc{Assimp,
author = {Assimp},
title = {{Open Asset Import Library}},
url = {http://assimp.sourceforge.net/}
}
@article{Bell1997,
author = {Bell, J.M. and Linnett, L.M.},
doi = {10.1049/ip-rsn:19971311},
file = {:home/me/Work/UiO/Phd/Library/Bell, Linnett - 1997 - Simulation and analysis of synthetic sidescan sonar images.pdf:pdf},
issn = {13502395},
journal = {IEE Proceedings - Radar, Sonar and Navigation},
number = {4},
pages = {219},
title = {{Simulation and analysis of synthetic sidescan sonar images}},
url = {http://digital-library.theiet.org/content/journals/10.1049/ip-rsn\_19971311},
volume = {144},
year = {1997}
}
@phdthesis{Bell1995,
author = {Bell, Judith M.},
file = {:home/me/Work/UiO/Phd/Library/Bell - 1995 - A model for the simulation of sidescan sonar.pdf:pdf},
school = {Heriot-Watt University},
title = {{A model for the simulation of sidescan sonar}},
url = {http://hdl.handle.net/10399/1318},
year = {1995}
}
@inproceedings{Blake1993,
author = {Blake, Vanessa S.},
booktitle = {Proceedings Computer Applications \& Qualitative Methods in Archaelogy},
editor = {Wilcock, John and Lockyear, Kris},
file = {:home/me/Work/UiO/Phd/Library/Blake - 1993 - Remote sensing in underwater archaeology simulation of side scan sonar images using ray tracing techniques.pdf:pdf},
publisher = {Tempus Reparatum},
title = {{Remote sensing in underwater archaeology: simulation of side scan sonar images using ray tracing techniques}},
year = {1993}
}
@book{Coiras2009b,
author = {Coiras, E. and Groen, Johannes},
editor = {Silva, Sergio Rui},
file = {:home/me/Work/UiO/Phd/Library/Coiras, Groen - 2009 - Simulation and 3D Reconstruction of Side-looking Sonar Images.pdf:pdf},
isbn = {978-3-902613-48-6},
pages = {232--246},
publisher = {In-Tech},
title = {{Simulation and 3D Reconstruction of Side-looking Sonar Images}},
url = {http://intechweb.org},
year = {2009}
}
@inproceedings{Coiras2009a,
author = {Coiras, E. and Ramirez-Montesinos, A. and Groen, J.},
booktitle = {OCEANS 2009-EUROPE},
doi = {10.1109/OCEANSE.2009.5278213},
file = {:home/me/Work/UiO/Phd/Library/Coiras, Ramirez-Montesinos, Groen - 2009 - GPU-based simulation of side-looking sonar images(2).pdf:pdf},
isbn = {978-1-4244-2522-8},
month = may,
pages = {1--6},
publisher = {IEEE},
title = {{GPU-based simulation of side-looking sonar images}},
url = {http://ieeexplore.ieee.org/lpdocs/epic03/wrapper.htm?arnumber=5278213},
year = {2009}
}
@article{George1995,
annote = {Simulation specific. Hard to read. Not very relevant.},
author = {George, O. and Bahl, R.},
doi = {10.1109/48.376675},
file = {:home/me/Work/UiO/Phd/Library/George, Bahl - 1995 - Simulation of backscattering of high frequency sound from complex objects and sand sea-bottom.pdf:pdf},
issn = {03649059},
journal = {IEEE Journal of Oceanic Engineering},
month = apr,
number = {2},
pages = {119--130},
title = {{Simulation of backscattering of high frequency sound from complex objects and sand sea-bottom}},
url = {http://ieeexplore.ieee.org/lpdocs/epic03/wrapper.htm?arnumber=376675},
volume = {20},
year = {1995}
}
@phdthesis{Groen2006,
author = {Groen, Johannes},
file = {:home/me/Work/UiO/Phd/Library/Groen - 2006 - Adaptive motion compensation in sonar array processing.pdf:pdf},
school = {Netherlands organization for applied scientific sciences (TNO)},
title = {{Adaptive motion compensation in sonar array processing}},
year = {2006}
}
@inproceedings{Midelfart2010,
author = {Midelfart, Herman and Midtgaard, \O ivind},
booktitle = {10th European Conference on Underwater Acoustics (ECUA)},
file = {:home/me/Work/UiO/Phd/Library/Midelfart, Midtgaard - 2010 - Adaptive Template Matching for SAS images.pdf:pdf},
title = {{Adaptive Template Matching for SAS images}},
year = {2010}
}
@techreport{Sammelmann2010,
author = {Sammelmann, Gary Steven},
file = {:home/me/Work/UiO/Phd/Library/Sammelmann - 2010 - Simulation, Beam-forming, and Visualization of Bistatic Synthetic Aperture Sonar.pdf:pdf},
institution = {Naval Surface Warfare Center Panama City Division},
title = {{Simulation, Beam-forming, and Visualization of Bistatic Synthetic Aperture Sonar}},
url = {http://www.ntis.gov},
year = {2010}
}
@inproceedings{Sammelm2003,
author = {Sammelmann, Gary Steven},
booktitle = {Oceans 2003. Celebrating the Past ... Teaming Toward the Future (IEEE Cat. No.03CH37492)},
doi = {10.1109/OCEANS.2003.178567},
file = {:home/me/Work/UiO/Phd/Library/Sammelmann - 2003 - High-frequency images of proud and buried 3D-targets.pdf:pdf},
isbn = {0-933957-30-0},
pages = {266--272 Vol.1},
publisher = {IEEE},
title = {{High-frequency images of proud and buried 3D-targets}},
url = {http://ieeexplore.ieee.org/lpdocs/epic03/wrapper.htm?arnumber=1282443},
year = {2003}
}
@inproceedings{Woock2010,
author = {Woock, Philipp and Frey, Christian},
booktitle = {OCEANS'10 IEEE SYDNEY},
doi = {10.1109/OCEANSSYD.2010.5603528},
file = {:home/me/Work/UiO/Phd/Library/Woock, Frey - 2010 - Deep-sea AUV navigation using side-scan sonar images and SLAM.pdf:pdf},
isbn = {978-1-4244-5221-7},
month = may,
pages = {1--8},
publisher = {IEEE},
title = {{Deep-sea AUV navigation using side-scan sonar images and SLAM}},
url = {http://ieeexplore.ieee.org/lpdocs/epic03/wrapper.htm?arnumber=5603528},
year = {2010}
}
@article{Zhang1999,
author = {Zhang, Lijie and Huanq, Jiangua and Jin, Yang and Hau, Yunshan and Jianq, Min and Zhang, Qunfei},
doi = {10.3969/j.issn.1004-4132.2010.02.003},
file = {:home/me/.local/share/data/Mendeley Ltd./Mendeley Desktop/Downloaded/Zhang et al. - 2010 - Waveform diversity based sonar system for target localization.pdf:pdf},
journal = {Systems Engineering and Electronics, Journal of},
month = apr,
number = {2},
pages = {186--190},
title = {{Waveform diversity based sonar system for target localization}},
volume = {21},
year = {2010}
}
@article{Zhang1999,
author = {Zhang, Ruo and Tsai, P.-S. and Cryer, J.E. and Shah, M.},
doi = {10.1109/34.784284},
file = {:home/me/Work/UiO/Phd/Library/Zhang et al. - 1999 - Shape-from-shading a survey.pdf:pdf},
issn = {01628828},
journal = {IEEE Transactions on Pattern Analysis and Machine Intelligence},
number = {8},
pages = {690--706},
title = {{Shape-from-shading: a survey}},
url = {http://ieeexplore.ieee.org/lpdocs/epic03/wrapper.htm?arnumber=784284},
volume = {21},
year = {1999}
}
