@misc{HerbSutter,
author = {Sutter, Herb},
title = {{Welcome to the Jungle}},
url = {http://herbsutter.com/welcome-to-the-jungle/},
urldate = {08-02-2014},
year = {2011}
}
@misc{HerbSuttera,
author = {Sutter, Herb},
title = {{The Free Lunch Is Over: A Fundamental Turn Toward Concurrency in Software}},
url = {http://www.gotw.ca/publications/concurrency-ddj.htm},
urldate = {08-02-2014},
year = {2004}
}

@incollection{Seland2007,
author = {Seland, Johan Simon and Dokken, Tor},
booktitle = {Geometric Modelling, Numerical Simulation, and Optimization},
pages = {163--183},
title = {{Real-Time Algebraic Surface Visualization}},
year = {2007}
}

@article{Flynn1966,
author = {Flynn, M.J.},
journal = {Proceedings of the IEEE},
number = {12},
pages = {1901--1909},
title = {{Very high-speed computing systems}},
volume = {54},
year = {1966}
}

