% This file was created with JabRef 2.6.
% Encoding: UTF8

@ARTICLE{cap69,
  author = {Capon, J.},
  title = {High-resolution frequency-wavenumber spectrum analysis},
  journal = {Proc. IEEE},
  year = {1969},
  volume = {57},
  pages = { 1408 - 1418},
  number = {8},
  month = aug.
}

@INPROCEEDINGS{saf09,
  author = {Dursun, Safiye and Austeng, Andreas and Hansen, Roy E. and Holm,
	Sverre},
  title = {Minimum variance beamforming in active sonar imaging},
  booktitle = {Proceedings of the 3rd International Conference \& Exhibition on
	Underwater Acoustic Measurements: Technologies and Results},
  year = {2009},
  editor = {John S., Papadakis \& Leif, Bjørnø (ed.)},
  pages = {1373-1378},
  keywords = {Beamforming, Adaptive beamforming, Capon, Minimum variance, MVDR,
	High resolution imaging, Sonar}
}

@ARTICLE{syn08,
  author = {Synnevaag, J.-F. and Austeng, A. and Holm, S.},
  title = {A low-complexity data-dependent beamformer},
  journal = {Ultrasonics, Ferroelectrics and Frequency Control, IEEE Transactions
	on},
  year = {2011},
  volume = {58},
  pages = {281 -289},
  number = {2},
  month = {february },
  doi = {10.1109/TUFFC.2011.1805},
  issn = {0885-3010},
  keywords = {apodization function;complexity;data dependent beamformer;heart phantom;image
	resolution;main lobe width;medical ultrasound imaging;minimum variance
	beamforming;side lobe level;array signal processing;biomedical ultrasonics;medical
	signal processing;phantoms;ultrasonic imaging;}
}

@comment{jabref-meta: selector_publisher:}

@comment{jabref-meta: selector_author:}

@comment{jabref-meta: selector_journal:}

@comment{jabref-meta: selector_keywords:}

