@inproceedings{Thomenius,
author = {Thomenius, K.E.},
booktitle = {1996 IEEE Ultrasonics Symposium. Proceedings},
doi = {10.1109/ULTSYM.1996.584398},
file = {:C$\backslash$:/library/Thomenius - Unknown - Evolution of ultrasound beamformers.html:html},
isbn = {0-7803-3615-1},
pages = {1615--1622},
publisher = {IEEE},
title = {{Evolution of ultrasound beamformers}},
url = {http://ieeexplore.ieee.org/xpls/abs\_all.jsp?arnumber=584398\&tag=1 http://ieeexplore.ieee.org/lpdocs/epic03/wrapper.htm?arnumber=584398},
volume = {2}
}
